Date,Description,Description - cleaned,Category,Money in,Money Out,Balance
01/01/2020,SALARY PAYMENT ACME ENGINEERING LTD,Salary,Income,2655.77,,"4,455.77"
02/01/2020,DIRECT DEBIT TO LANDLORD RENT PAYMENT,Rent,Housing,,850,"3,605.77"
02/01/2020,CARD PAYMENT TO BP,BP,Transport,,15.26,"3,590.51"
02/01/2020,CARD PAYMENT TO DELIVEROO,Deliveroo,Food & Drink,,23,"3,567.51"
03/01/2020,DIRECT DEBIT TO UNITED UTILITIES,United Utilities,Utilities,,31.09,"3,536.42"
03/01/2020,CARD PAYMENT TO TESCO,Tesco,Groceries,,13.34,"3,523.08"
03/01/2020,CARD PAYMENT TO SHELL,Shell,Transport,,37.18,"3,485.90"
04/01/2020,CARD PAYMENT TO UBER,Uber,Transport,,38.64,"3,447.26"
04/01/2020,CARD PAYMENT TO SAINSBURYS,Sainsburys,Groceries,,47.79,"3,399.47"
04/01/2020,CARD PAYMENT TO IKEA,Ikea,Shopping,,40.65,"3,358.82"
05/01/2020,DIRECT DEBIT TO VIRGIN MEDIA,Virgin Media,Utilities,,32.15,"3,326.67"
05/01/2020,CARD PAYMENT TO GREGGS,Greggs,Food & Drink,,25.88,"3,300.79"
05/01/2020,CARD PAYMENT TO STEAM,Steam,Recreation,,46.49,"3,254.30"
07/01/2020,DIRECT DEBIT TO VIRGIN MEDIA,Virgin Media,Utilities,,30.52,"3,223.78"
07/01/2020,CARD PAYMENT TO CURRYS,Currys,Shopping,,131.25,"3,092.53"
09/01/2020,CARD PAYMENT TO STEAM,Steam,Recreation,,52.77,"3,039.76"
11/01/2020,CARD PAYMENT TO CINEWORLD,Cineworld,Recreation,,41.78,"2,997.98"
11/01/2020,CARD PAYMENT TO CURRYS,Currys,Shopping,,76.08,"2,921.90"
11/01/2020,CARD PAYMENT TO TRAINLINE,Trainline,Transport,,44.49,"2,877.41"
14/01/2020,CARD PAYMENT TO VIRGIN MEDIA,Virgin Media,Utilities,,22.08,"2,855.33"
15/01/2020,CARD PAYMENT TO AMAZON,Amazon,Shopping,,52.79,"2,802.54"
17/01/2020,CARD PAYMENT TO DECATHLON,Decathlon,Fitness,,23.97,"2,778.57"
18/01/2020,CARD PAYMENT TO UBER,Uber,Transport,,28.57,"2,750.00"
18/01/2020,CARD PAYMENT TO NETFLIX,Netflix,Subscriptions,,6.24,"2,743.76"
20/01/2020,CARD PAYMENT TO DECATHLON,Decathlon,Fitness,,41.72,"2,702.04"
22/01/2020,CARD PAYMENT TO NANDOS,Nandos,Food & Drink,,4.27,"2,697.77"
22/01/2020,CARD PAYMENT TO STARBUCKS,Starbucks,Food & Drink,,19.94,"2,677.83"
22/01/2020,CARD PAYMENT TO PUREGYM,PureGym,Fitness,,43.09,"2,634.74"
23/01/2020,CARD PAYMENT TO WATERSTONES,Waterstones,Recreation,,53.04,"2,581.70"
23/01/2020,CARD PAYMENT TO ASDA,Asda,Groceries,,49.08,"2,532.62"
24/01/2020,CARD PAYMENT TO AMAZON,Amazon,Shopping,,63.43,"2,469.19"
24/01/2020,CARD PAYMENT TO VIRGIN MEDIA,Virgin Media,Utilities,,5.15,"2,464.04"
25/01/2020,CARD PAYMENT TO UNITED UTILITIES,United Utilities,Utilities,,46.07,"2,417.97"
27/01/2020,CARD PAYMENT TO VIRGIN MEDIA,Virgin Media,Utilities,,39.31,"2,378.66"
29/01/2020,CARD PAYMENT TO SPOTIFY,Spotify,Subscriptions,,3.79,"2,374.87"
29/01/2020,CARD PAYMENT TO IKEA,Ikea,Shopping,,54.51,"2,320.36"
01/02/2020,SALARY PAYMENT ACME ENGINEERING LTD,Salary,Income,2434.26,,"4,754.62"
01/02/2020,CARD PAYMENT TO NANDOS,Nandos,Food & Drink,,17.38,"4,737.24"
01/02/2020,CARD PAYMENT TO OCTOPUS ENERGY,Octopus Energy,Utilities,,34.69,"4,702.55"
02/02/2020,DIRECT DEBIT TO LANDLORD RENT PAYMENT,Rent,Housing,,850,"3,852.55"
02/02/2020,CARD PAYMENT TO WATERSTONES,Waterstones,Recreation,,53.62,"3,798.93"
03/02/2020,DIRECT DEBIT TO VIRGIN MEDIA,Virgin Media,Utilities,,92.51,"3,706.42"
03/02/2020,CARD PAYMENT TO CINEWORLD,Cineworld,Recreation,,59.76,"3,646.66"
04/02/2020,CARD PAYMENT TO APPLE,Apple,Subscriptions,,3.94,"3,642.72"
04/02/2020,CARD PAYMENT TO SHELL,Shell,Transport,,25.58,"3,617.14"
05/02/2020,DIRECT DEBIT TO UNITED UTILITIES,United Utilities,Utilities,,63.77,"3,553.37"
05/02/2020,CARD PAYMENT TO TESCO,Tesco,Groceries,,48.35,"3,505.02"
07/02/2020,DIRECT DEBIT TO OCTOPUS ENERGY,Octopus Energy,Utilities,,29.72,"3,475.30"
08/02/2020,CARD PAYMENT TO UBER EATS,Uber Eats,Food & Drink,,9.43,"3,465.87"
08/02/2020,CARD PAYMENT TO NETFLIX,Netflix,Subscriptions,,10.63,"3,455.24"
09/02/2020,CARD PAYMENT TO UBER,Uber,Transport,,49.99,"3,405.25"
09/02/2020,CARD PAYMENT TO SHELL,Shell,Transport,,13.04,"3,392.21"
09/02/2020,CARD PAYMENT TO DECATHLON,Decathlon,Fitness,,45.41,"3,346.80"
10/02/2020,CARD PAYMENT TO ASDA,Asda,Groceries,,45.25,"3,301.55"
10/02/2020,CARD PAYMENT TO COSTA COFFEE,Costa Coffee,Food & Drink,,13.87,"3,287.68"
10/02/2020,CARD PAYMENT TO AMAZON,Amazon,Shopping,,56.03,"3,231.65"
12/02/2020,CARD PAYMENT TO VIRGIN MEDIA,Virgin Media,Utilities,,13.26,"3,218.39"
12/02/2020,CARD PAYMENT TO NETFLIX,Netflix,Subscriptions,,15.99,"3,202.40"
12/02/2020,CARD PAYMENT TO PRET,Pret,Food & Drink,,24.82,"3,177.58"
17/02/2020,CARD PAYMENT TO VIRGIN MEDIA,Virgin Media,Utilities,,26.85,"3,150.73"
18/02/2020,CARD PAYMENT TO PUREGYM,PureGym,Fitness,,29.88,"3,120.85"
20/02/2020,CARD PAYMENT TO CINEWORLD,Cineworld,Recreation,,24.26,"3,096.59"
20/02/2020,CARD PAYMENT TO NETFLIX,Netflix,Subscriptions,,5.04,"3,091.55"
21/02/2020,CARD PAYMENT TO LIDL,Lidl,Groceries,,49.94,"3,041.61"
23/02/2020,CARD PAYMENT TO TESCO,Tesco,Groceries,,41.3,"3,000.31"
24/02/2020,CARD PAYMENT TO LIDL,Lidl,Groceries,,12.57,"2,987.74"
25/02/2020,CARD PAYMENT TO UBER EATS,Uber Eats,Food & Drink,,4.83,"2,982.91"
26/02/2020,CARD PAYMENT TO PUREGYM,PureGym,Fitness,,76.5,"2,906.41"
01/03/2020,SALARY PAYMENT ACME ENGINEERING LTD,Salary,Income,2567.69,,"5,474.10"
01/03/2020,CARD PAYMENT TO STEAM,Steam,Recreation,,43.49,"5,430.61"
01/03/2020,CARD PAYMENT TO CURRYS,Currys,Shopping,,58.83,"5,371.78"
02/03/2020,DIRECT DEBIT TO LANDLORD RENT PAYMENT,Rent,Housing,,850,"4,521.78"
02/03/2020,CARD PAYMENT TO CINEWORLD,Cineworld,Recreation,,25.81,"4,495.97"
03/03/2020,DIRECT DEBIT TO OCTOPUS ENERGY,Octopus Energy,Utilities,,25.65,"4,470.32"
05/03/2020,DIRECT DEBIT TO UNITED UTILITIES,United Utilities,Utilities,,39.92,"4,430.40"
05/03/2020,CARD PAYMENT TO VIRGIN MEDIA,Virgin Media,Utilities,,44.64,"4,385.76"
05/03/2020,CARD PAYMENT TO TRAINLINE,Trainline,Transport,,22.82,"4,362.94"
06/03/2020,CARD PAYMENT TO WATERSTONES,Waterstones,Recreation,,59.19,"4,303.75"
07/03/2020,DIRECT DEBIT TO OCTOPUS ENERGY,Octopus Energy,Utilities,,71.75,"4,232.00"
07/03/2020,CARD PAYMENT TO STARBUCKS,Starbucks,Food & Drink,,10.14,"4,221.86"
07/03/2020,CARD PAYMENT TO DELIVEROO,Deliveroo,Food & Drink,,17.94,"4,203.92"
08/03/2020,CARD PAYMENT TO WATERSTONES,Waterstones,Recreation,,20.53,"4,183.39"
08/03/2020,CARD PAYMENT TO CURRYS,Currys,Shopping,,128.44,"4,054.95"
09/03/2020,CARD PAYMENT TO DISNEY PLUS,Disney Plus,Subscriptions,,16.49,"4,038.46"
12/03/2020,CARD PAYMENT TO STEAM,Steam,Recreation,,10.18,"4,028.28"
12/03/2020,CARD PAYMENT TO UNITED UTILITIES,United Utilities,Utilities,,49.09,"3,979.19"
12/03/2020,CARD PAYMENT TO UNITED UTILITIES,United Utilities,Utilities,,24.88,"3,954.31"
13/03/2020,CARD PAYMENT TO TESCO,Tesco,Groceries,,12.29,"3,942.02"
13/03/2020,CARD PAYMENT TO UNITED UTILITIES,United Utilities,Utilities,,6.62,"3,935.40"
15/03/2020,CARD PAYMENT TO PUREGYM,PureGym,Fitness,,22.51,"3,912.89"
16/03/2020,CARD PAYMENT TO MORRISONS,Morrisons,Groceries,,19.97,"3,892.92"
16/03/2020,CARD PAYMENT TO SHELL,Shell,Transport,,26.39,"3,866.53"
17/03/2020,CARD PAYMENT TO OCTOPUS ENERGY,Octopus Energy,Utilities,,43.91,"3,822.62"
17/03/2020,CARD PAYMENT TO VIRGIN MEDIA,Virgin Media,Utilities,,6.12,"3,816.50"
18/03/2020,CARD PAYMENT TO PUREGYM,PureGym,Fitness,,36.01,"3,780.49"
18/03/2020,CARD PAYMENT TO PRET,Pret,Food & Drink,,26.55,"3,753.94"
19/03/2020,CARD PAYMENT TO BP,BP,Transport,,50.46,"3,703.48"
19/03/2020,CARD PAYMENT TO DISNEY PLUS,Disney Plus,Subscriptions,,6.88,"3,696.60"
19/03/2020,CARD PAYMENT TO BP,BP,Transport,,9.23,"3,687.37"
20/03/2020,CARD PAYMENT TO DECATHLON,Decathlon,Fitness,,36.72,"3,650.65"
22/03/2020,CARD PAYMENT TO JD SPORTS,JD Sports,Shopping,,127.12,"3,523.53"
23/03/2020,CARD PAYMENT TO TESCO,Tesco,Groceries,,57.99,"3,465.54"
23/03/2020,CARD PAYMENT TO STEAM,Steam,Recreation,,39.03,"3,426.51"
24/03/2020,CARD PAYMENT TO TESCO,Tesco,Groceries,,42,"3,384.51"
24/03/2020,CARD PAYMENT TO IKEA,Ikea,Shopping,,87,"3,297.51"
26/03/2020,CARD PAYMENT TO TRAINLINE,Trainline,Transport,,10.31,"3,287.20"
26/03/2020,CARD PAYMENT TO PUREGYM,PureGym,Fitness,,51.2,"3,236.00"
27/03/2020,CARD PAYMENT TO JD SPORTS,JD Sports,Shopping,,26.55,"3,209.45"
28/03/2020,CARD PAYMENT TO AMAZON,Amazon,Shopping,,133.76,"3,075.69"
29/03/2020,CARD PAYMENT TO WATERSTONES,Waterstones,Recreation,,30.42,"3,045.27"
30/03/2020,CARD PAYMENT TO WATERSTONES,Waterstones,Recreation,,16.36,"3,028.91"
30/03/2020,CARD PAYMENT TO DECATHLON,Decathlon,Fitness,,60.64,"2,968.27"
30/03/2020,CARD PAYMENT TO UNITED UTILITIES,United Utilities,Utilities,,30.61,"2,937.66"
31/03/2020,CARD PAYMENT TO MORRISONS,Morrisons,Groceries,,24.35,"2,913.31"
31/03/2020,CARD PAYMENT TO DECATHLON,Decathlon,Fitness,,47.9,"2,865.41"
01/04/2020,SALARY PAYMENT ACME ENGINEERING LTD,Salary,Income,2576.86,,"5,442.27"
02/04/2020,DIRECT DEBIT TO LANDLORD RENT PAYMENT,Rent,Housing,,850,"4,592.27"
02/04/2020,CARD PAYMENT TO UNITED UTILITIES,United Utilities,Utilities,,8.82,"4,583.45"
03/04/2020,DIRECT DEBIT TO VIRGIN MEDIA,Virgin Media,Utilities,,31.54,"4,551.91"
03/04/2020,CARD PAYMENT TO STEAM,Steam,Recreation,,50.33,"4,501.58"
04/04/2020,CARD PAYMENT TO TESCO,Tesco,Groceries,,21.96,"4,479.62"
05/04/2020,DIRECT DEBIT TO VIRGIN MEDIA,Virgin Media,Utilities,,67.79,"4,411.83"
06/04/2020,CARD PAYMENT TO PUREGYM,PureGym,Fitness,,63.1,"4,348.73"
06/04/2020,CARD PAYMENT TO DECATHLON,Decathlon,Fitness,,43.98,"4,304.75"
06/04/2020,CARD PAYMENT TO UNITED UTILITIES,United Utilities,Utilities,,35.94,"4,268.81"
07/04/2020,DIRECT DEBIT TO OCTOPUS ENERGY,Octopus Energy,Utilities,,79.49,"4,189.32"
07/04/2020,CARD PAYMENT TO UNITED UTILITIES,United Utilities,Utilities,,28.31,"4,161.01"
09/04/2020,CARD PAYMENT TO PRET,Pret,Food & Drink,,6.6,"4,154.41"
11/04/2020,CARD PAYMENT TO APPLE,Apple,Subscriptions,,15.29,"4,139.12"
12/04/2020,CARD PAYMENT TO UNITED UTILITIES,United Utilities,Utilities,,43.77,"4,095.35"
12/04/2020,CARD PAYMENT TO DISNEY PLUS,Disney Plus,Subscriptions,,14.03,"4,081.32"
12/04/2020,CARD PAYMENT TO WATERSTONES,Waterstones,Recreation,,34.23,"4,047.09"
13/04/2020,CARD PAYMENT TO CINEWORLD,Cineworld,Recreation,,13.87,"4,033.22"
14/04/2020,CARD PAYMENT TO TRAINLINE,Trainline,Transport,,25.46,"4,007.76"
16/04/2020,CARD PAYMENT TO OCTOPUS ENERGY,Octopus Energy,Utilities,,22.24,"3,985.52"
17/04/2020,CARD PAYMENT TO SHELL,Shell,Transport,,29.57,"3,955.95"
18/04/2020,CARD PAYMENT TO APPLE,Apple,Subscriptions,,3,"3,952.95"
19/04/2020,CARD PAYMENT TO PUREGYM,PureGym,Fitness,,71.4,"3,881.55"
19/04/2020,CARD PAYMENT TO DECATHLON,Decathlon,Fitness,,20.35,"3,861.20"
20/04/2020,CARD PAYMENT TO CINEWORLD,Cineworld,Recreation,,52.67,"3,808.53"
20/04/2020,CARD PAYMENT TO PUREGYM,PureGym,Fitness,,49.29,"3,759.24"
21/04/2020,CARD PAYMENT TO DECATHLON,Decathlon,Fitness,,21.74,"3,737.50"
21/04/2020,CARD PAYMENT TO JD SPORTS,JD Sports,Shopping,,134.49,"3,603.01"
22/04/2020,CARD PAYMENT TO UNITED UTILITIES,United Utilities,Utilities,,29.04,"3,573.97"
22/04/2020,CARD PAYMENT TO PUREGYM,PureGym,Fitness,,25.04,"3,548.93"
22/04/2020,CARD PAYMENT TO PUREGYM,PureGym,Fitness,,72.01,"3,476.92"
23/04/2020,CARD PAYMENT TO MORRISONS,Morrisons,Groceries,,29.61,"3,447.31"
24/04/2020,CARD PAYMENT TO DISNEY PLUS,Disney Plus,Subscriptions,,7.4,"3,439.91"
25/04/2020,CARD PAYMENT TO CINEWORLD,Cineworld,Recreation,,22.61,"3,417.30"
25/04/2020,CARD PAYMENT TO PRET,Pret,Food & Drink,,3.52,"3,413.78"
27/04/2020,CARD PAYMENT TO SHELL,Shell,Transport,,48.62,"3,365.16"
27/04/2020,CARD PAYMENT TO TESCO,Tesco,Groceries,,62.13,"3,303.03"
28/04/2020,CARD PAYMENT TO LIDL,Lidl,Groceries,,16.69,"3,286.34"
29/04/2020,CARD PAYMENT TO SPOTIFY,Spotify,Subscriptions,,11.02,"3,275.32"
30/04/2020,CARD PAYMENT TO DISNEY PLUS,Disney Plus,Subscriptions,,14.27,"3,261.05"
01/05/2020,SALARY PAYMENT ACME ENGINEERING LTD,Salary,Income,2467.12,,"5,728.17"
02/05/2020,DIRECT DEBIT TO LANDLORD RENT PAYMENT,Rent,Housing,,850,"4,878.17"
02/05/2020,CARD PAYMENT TO STEAM,Steam,Recreation,,38.93,"4,839.24"
03/05/2020,DIRECT DEBIT TO VIRGIN MEDIA,Virgin Media,Utilities,,65.31,"4,773.93"
03/05/2020,CARD PAYMENT TO PUREGYM,PureGym,Fitness,,24.56,"4,749.37"
03/05/2020,CARD PAYMENT TO SHELL,Shell,Transport,,44.25,"4,705.12"
03/05/2020,CARD PAYMENT TO WATERSTONES,Waterstones,Recreation,,40.02,"4,665.10"
05/05/2020,DIRECT DEBIT TO UNITED UTILITIES,United Utilities,Utilities,,79.78,"4,585.32"
05/05/2020,CARD PAYMENT TO DECATHLON,Decathlon,Fitness,,24.14,"4,561.18"
06/05/2020,CARD PAYMENT TO ALDI,Aldi,Groceries,,54.87,"4,506.31"
06/05/2020,CARD PAYMENT TO PRET,Pret,Food & Drink,,28.94,"4,477.37"
07/05/2020,DIRECT DEBIT TO UNITED UTILITIES,United Utilities,Utilities,,87.41,"4,389.96"
07/05/2020,CARD PAYMENT TO VIRGIN MEDIA,Virgin Media,Utilities,,12.93,"4,377.03"
07/05/2020,CARD PAYMENT TO WATERSTONES,Waterstones,Recreation,,50.41,"4,326.62"
08/05/2020,CARD PAYMENT TO APPLE,Apple,Subscriptions,,15.21,"4,311.41"
08/05/2020,CARD PAYMENT TO CINEWORLD,Cineworld,Recreation,,52.59,"4,258.82"
10/05/2020,CARD PAYMENT TO NETFLIX,Netflix,Subscriptions,,14.01,"4,244.81"
11/05/2020,CARD PAYMENT TO AMAZON,Amazon,Shopping,,96.56,"4,148.25"
11/05/2020,CARD PAYMENT TO CURRYS,Currys,Shopping,,95.45,"4,052.80"
11/05/2020,CARD PAYMENT TO IKEA,Ikea,Shopping,,71.16,"3,981.64"
12/05/2020,CARD PAYMENT TO LIDL,Lidl,Groceries,,62.04,"3,919.60"
14/05/2020,CARD PAYMENT TO DECATHLON,Decathlon,Fitness,,53.31,"3,866.29"
15/05/2020,CARD PAYMENT TO APPLE,Apple,Subscriptions,,9.17,"3,857.12"
18/05/2020,CARD PAYMENT TO UBER,Uber,Transport,,43.97,"3,813.15"
18/05/2020,CARD PAYMENT TO WATERSTONES,Waterstones,Recreation,,39.08,"3,774.07"
19/05/2020,CARD PAYMENT TO JD SPORTS,JD Sports,Shopping,,179.44,"3,594.63"
20/05/2020,CARD PAYMENT TO JD SPORTS,JD Sports,Shopping,,59.7,"3,534.93"
20/05/2020,CARD PAYMENT TO STEAM,Steam,Recreation,,16.03,"3,518.90"
21/05/2020,CARD PAYMENT TO AMAZON,Amazon,Shopping,,137.58,"3,381.32"
22/05/2020,CARD PAYMENT TO BP,BP,Transport,,46.41,"3,334.91"
24/05/2020,CARD PAYMENT TO NANDOS,Nandos,Food & Drink,,8.24,"3,326.67"
24/05/2020,CARD PAYMENT TO TRAINLINE,Trainline,Transport,,17.33,"3,309.34"
26/05/2020,CARD PAYMENT TO STEAM,Steam,Recreation,,58.71,"3,250.63"
27/05/2020,CARD PAYMENT TO UNITED UTILITIES,United Utilities,Utilities,,44.08,"3,206.55"
27/05/2020,CARD PAYMENT TO SPOTIFY,Spotify,Subscriptions,,15.96,"3,190.59"
28/05/2020,CARD PAYMENT TO APPLE,Apple,Subscriptions,,9.05,"3,181.54"
28/05/2020,CARD PAYMENT TO OCTOPUS ENERGY,Octopus Energy,Utilities,,16.36,"3,165.18"
29/05/2020,CARD PAYMENT TO NANDOS,Nandos,Food & Drink,,4.76,"3,160.42"
29/05/2020,CARD PAYMENT TO SPOTIFY,Spotify,Subscriptions,,11.23,"3,149.19"
29/05/2020,CARD PAYMENT TO SAINSBURYS,Sainsburys,Groceries,,16.5,"3,132.69"
30/05/2020,CARD PAYMENT TO STARBUCKS,Starbucks,Food & Drink,,6.2,"3,126.49"
30/05/2020,CARD PAYMENT TO PUREGYM,PureGym,Fitness,,66.54,"3,059.95"
31/05/2020,CARD PAYMENT TO APPLE,Apple,Subscriptions,,6.76,"3,053.19"
31/05/2020,CARD PAYMENT TO DECATHLON,Decathlon,Fitness,,54.12,"2,999.07"
01/06/2020,SALARY PAYMENT ACME ENGINEERING LTD,Salary,Income,2424.09,,"5,423.16"
02/06/2020,DIRECT DEBIT TO LANDLORD RENT PAYMENT,Rent,Housing,,850,"4,573.16"
02/06/2020,CARD PAYMENT TO TRAINLINE,Trainline,Transport,,42.34,"4,530.82"
03/06/2020,DIRECT DEBIT TO OCTOPUS ENERGY,Octopus Energy,Utilities,,41.79,"4,489.03"
04/06/2020,CARD PAYMENT TO ALDI,Aldi,Groceries,,33.68,"4,455.35"
05/06/2020,DIRECT DEBIT TO UNITED UTILITIES,United Utilities,Utilities,,57.89,"4,397.46"
06/06/2020,CARD PAYMENT TO WATERSTONES,Waterstones,Recreation,,24.14,"4,373.32"
07/06/2020,DIRECT DEBIT TO VIRGIN MEDIA,Virgin Media,Utilities,,29.98,"4,343.34"
07/06/2020,CARD PAYMENT TO WATERSTONES,Waterstones,Recreation,,39.49,"4,303.85"
08/06/2020,CARD PAYMENT TO PUREGYM,PureGym,Fitness,,52.67,"4,251.18"
09/06/2020,CARD PAYMENT TO STEAM,Steam,Recreation,,13.57,"4,237.61"
10/06/2020,CARD PAYMENT TO WATERSTONES,Waterstones,Recreation,,47.45,"4,190.16"
11/06/2020,CARD PAYMENT TO SPOTIFY,Spotify,Subscriptions,,9.5,"4,180.66"
11/06/2020,CARD PAYMENT TO WATERSTONES,Waterstones,Recreation,,30.13,"4,150.53"
13/06/2020,CARD PAYMENT TO SPOTIFY,Spotify,Subscriptions,,11.57,"4,138.96"
13/06/2020,CARD PAYMENT TO DECATHLON,Decathlon,Fitness,,56.22,"4,082.74"
13/06/2020,CARD PAYMENT TO TESCO,Tesco,Groceries,,21.05,"4,061.69"
15/06/2020,CARD PAYMENT TO SAINSBURYS,Sainsburys,Groceries,,34.82,"4,026.87"
16/06/2020,CARD PAYMENT TO STEAM,Steam,Recreation,,59.85,"3,967.02"
16/06/2020,CARD PAYMENT TO DECATHLON,Decathlon,Fitness,,78.14,"3,888.88"
16/06/2020,CARD PAYMENT TO DISNEY PLUS,Disney Plus,Subscriptions,,8.53,"3,880.35"
17/06/2020,CARD PAYMENT TO NANDOS,Nandos,Food & Drink,,7.34,"3,873.01"
17/06/2020,CARD PAYMENT TO DECATHLON,Decathlon,Fitness,,37.29,"3,835.72"
18/06/2020,CARD PAYMENT TO ALDI,Aldi,Groceries,,13.02,"3,822.70"
18/06/2020,CARD PAYMENT TO CINEWORLD,Cineworld,Recreation,,15.8,"3,806.90"
19/06/2020,CARD PAYMENT TO ASDA,Asda,Groceries,,57.55,"3,749.35"
19/06/2020,CARD PAYMENT TO APPLE,Apple,Subscriptions,,2.87,"3,746.48"
20/06/2020,CARD PAYMENT TO APPLE,Apple,Subscriptions,,14.16,"3,732.32"
21/06/2020,CARD PAYMENT TO WATERSTONES,Waterstones,Recreation,,16.55,"3,715.77"
22/06/2020,CARD PAYMENT TO APPLE,Apple,Subscriptions,,3.94,"3,711.83"
23/06/2020,CARD PAYMENT TO VIRGIN MEDIA,Virgin Media,Utilities,,29.79,"3,682.04"
24/06/2020,CARD PAYMENT TO STARBUCKS,Starbucks,Food & Drink,,29.79,"3,652.25"
24/06/2020,CARD PAYMENT TO PRET,Pret,Food & Drink,,28.57,"3,623.68"
24/06/2020,CARD PAYMENT TO VIRGIN MEDIA,Virgin Media,Utilities,,46.97,"3,576.71"
25/06/2020,CARD PAYMENT TO CINEWORLD,Cineworld,Recreation,,51.74,"3,524.97"
26/06/2020,CARD PAYMENT TO UBER,Uber,Transport,,36.67,"3,488.30"
26/06/2020,CARD PAYMENT TO PUREGYM,PureGym,Fitness,,75.31,"3,412.99"
27/06/2020,CARD PAYMENT TO GREGGS,Greggs,Food & Drink,,23.86,"3,389.13"
28/06/2020,CARD PAYMENT TO IKEA,Ikea,Shopping,,150.39,"3,238.74"
28/06/2020,CARD PAYMENT TO WATERSTONES,Waterstones,Recreation,,24.93,"3,213.81"
29/06/2020,CARD PAYMENT TO VIRGIN MEDIA,Virgin Media,Utilities,,29.24,"3,184.57"
29/06/2020,CARD PAYMENT TO IKEA,Ikea,Shopping,,106.07,"3,078.50"
30/06/2020,CARD PAYMENT TO DISNEY PLUS,Disney Plus,Subscriptions,,15.91,"3,062.59"
30/06/2020,CARD PAYMENT TO UBER,Uber,Transport,,20.15,"3,042.44"
30/06/2020,CARD PAYMENT TO PUREGYM,PureGym,Fitness,,39.09,"3,003.35"
01/07/2020,SALARY PAYMENT ACME ENGINEERING LTD,Salary,Income,2589.19,,"5,592.54"
01/07/2020,CARD PAYMENT TO PUREGYM,PureGym,Fitness,,49.72,"5,542.82"
01/07/2020,CARD PAYMENT TO SAINSBURYS,Sainsburys,Groceries,,36.63,"5,506.19"
02/07/2020,DIRECT DEBIT TO LANDLORD RENT PAYMENT,Rent,Housing,,850,"4,656.19"
02/07/2020,CARD PAYMENT TO NANDOS,Nandos,Food & Drink,,25.82,"4,630.37"
02/07/2020,CARD PAYMENT TO UBER EATS,Uber Eats,Food & Drink,,27.58,"4,602.79"
03/07/2020,DIRECT DEBIT TO OCTOPUS ENERGY,Octopus Energy,Utilities,,75.57,"4,527.22"
03/07/2020,CARD PAYMENT TO OCTOPUS ENERGY,Octopus Energy,Utilities,,26.13,"4,501.09"
03/07/2020,CARD PAYMENT TO CINEWORLD,Cineworld,Recreation,,41.16,"4,459.93"
03/07/2020,CARD PAYMENT TO PUREGYM,PureGym,Fitness,,71.11,"4,388.82"
04/07/2020,CARD PAYMENT TO JD SPORTS,JD Sports,Shopping,,158.94,"4,229.88"
04/07/2020,CARD PAYMENT TO LIDL,Lidl,Groceries,,11.9,"4,217.98"
04/07/2020,CARD PAYMENT TO STEAM,Steam,Recreation,,47.34,"4,170.64"
05/07/2020,DIRECT DEBIT TO VIRGIN MEDIA,Virgin Media,Utilities,,93.48,"4,077.16"
06/07/2020,CARD PAYMENT TO UNITED UTILITIES,United Utilities,Utilities,,18.48,"4,058.68"
06/07/2020,CARD PAYMENT TO TESCO,Tesco,Groceries,,26.49,"4,032.19"
06/07/2020,CARD PAYMENT TO MORRISONS,Morrisons,Groceries,,28.43,"4,003.76"
07/07/2020,DIRECT DEBIT TO VIRGIN MEDIA,Virgin Media,Utilities,,35.19,"3,968.57"
07/07/2020,CARD PAYMENT TO OCTOPUS ENERGY,Octopus Energy,Utilities,,12.88,"3,955.69"
08/07/2020,CARD PAYMENT TO UBER,Uber,Transport,,55.47,"3,900.22"
08/07/2020,CARD PAYMENT TO OCTOPUS ENERGY,Octopus Energy,Utilities,,25.75,"3,874.47"
09/07/2020,CARD PAYMENT TO DISNEY PLUS,Disney Plus,Subscriptions,,12.67,"3,861.80"
09/07/2020,CARD PAYMENT TO DISNEY PLUS,Disney Plus,Subscriptions,,12.84,"3,848.96"
10/07/2020,CARD PAYMENT TO PRET,Pret,Food & Drink,,28.52,"3,820.44"
11/07/2020,CARD PAYMENT TO DECATHLON,Decathlon,Fitness,,47.41,"3,773.03"
11/07/2020,CARD PAYMENT TO STEAM,Steam,Recreation,,59.97,"3,713.06"
12/07/2020,CARD PAYMENT TO STARBUCKS,Starbucks,Food & Drink,,13.3,"3,699.76"
12/07/2020,CARD PAYMENT TO IKEA,Ikea,Shopping,,178.79,"3,520.97"
12/07/2020,CARD PAYMENT TO STEAM,Steam,Recreation,,58.9,"3,462.07"
13/07/2020,CARD PAYMENT TO STEAM,Steam,Recreation,,38.3,"3,423.77"
13/07/2020,CARD PAYMENT TO LIDL,Lidl,Groceries,,50.47,"3,373.30"
13/07/2020,CARD PAYMENT TO STEAM,Steam,Recreation,,40.35,"3,332.95"
14/07/2020,CARD PAYMENT TO BP,BP,Transport,,40.29,"3,292.66"
14/07/2020,CARD PAYMENT TO UNITED UTILITIES,United Utilities,Utilities,,9.37,"3,283.29"
16/07/2020,CARD PAYMENT TO SPOTIFY,Spotify,Subscriptions,,11.27,"3,272.02"
16/07/2020,CARD PAYMENT TO OCTOPUS ENERGY,Octopus Energy,Utilities,,45.93,"3,226.09"
17/07/2020,CARD PAYMENT TO PUREGYM,PureGym,Fitness,,32.05,"3,194.04"
19/07/2020,CARD PAYMENT TO VIRGIN MEDIA,Virgin Media,Utilities,,46.13,"3,147.91"
19/07/2020,CARD PAYMENT TO DISNEY PLUS,Disney Plus,Subscriptions,,13.94,"3,133.97"
20/07/2020,CARD PAYMENT TO PRET,Pret,Food & Drink,,29,"3,104.97"
20/07/2020,CARD PAYMENT TO OCTOPUS ENERGY,Octopus Energy,Utilities,,43.71,"3,061.26"
21/07/2020,CARD PAYMENT TO AMAZON,Amazon,Shopping,,145.46,"2,915.80"
21/07/2020,CARD PAYMENT TO MORRISONS,Morrisons,Groceries,,38.58,"2,877.22"
22/07/2020,CARD PAYMENT TO IKEA,Ikea,Shopping,,111.45,"2,765.77"
22/07/2020,CARD PAYMENT TO AMAZON,Amazon,Shopping,,126.35,"2,639.42"
22/07/2020,CARD PAYMENT TO SPOTIFY,Spotify,Subscriptions,,11.91,"2,627.51"
23/07/2020,CARD PAYMENT TO SHELL,Shell,Transport,,41.04,"2,586.47"
24/07/2020,CARD PAYMENT TO WATERSTONES,Waterstones,Recreation,,30.41,"2,556.06"
24/07/2020,CARD PAYMENT TO OCTOPUS ENERGY,Octopus Energy,Utilities,,47.58,"2,508.48"
24/07/2020,CARD PAYMENT TO CINEWORLD,Cineworld,Recreation,,15.81,"2,492.67"
26/07/2020,CARD PAYMENT TO DECATHLON,Decathlon,Fitness,,42.26,"2,450.41"
27/07/2020,CARD PAYMENT TO VIRGIN MEDIA,Virgin Media,Utilities,,34.47,"2,415.94"
27/07/2020,CARD PAYMENT TO APPLE,Apple,Subscriptions,,17.02,"2,398.92"
28/07/2020,CARD PAYMENT TO ASDA,Asda,Groceries,,29.12,"2,369.80"
28/07/2020,CARD PAYMENT TO APPLE,Apple,Subscriptions,,17.21,"2,352.59"
29/07/2020,CARD PAYMENT TO DELIVEROO,Deliveroo,Food & Drink,,12.92,"2,339.67"
29/07/2020,CARD PAYMENT TO AMAZON,Amazon,Shopping,,80.69,"2,258.98"
30/07/2020,CARD PAYMENT TO NANDOS,Nandos,Food & Drink,,25.25,"2,233.73"
01/08/2020,SALARY PAYMENT ACME ENGINEERING LTD,Salary,Income,2665.11,,"4,898.84"
02/08/2020,DIRECT DEBIT TO LANDLORD RENT PAYMENT,Rent,Housing,,850,"4,048.84"
03/08/2020,DIRECT DEBIT TO VIRGIN MEDIA,Virgin Media,Utilities,,42.05,"4,006.79"
04/08/2020,CARD PAYMENT TO NANDOS,Nandos,Food & Drink,,23.66,"3,983.13"
05/08/2020,DIRECT DEBIT TO OCTOPUS ENERGY,Octopus Energy,Utilities,,66.05,"3,917.08"
05/08/2020,CARD PAYMENT TO CURRYS,Currys,Shopping,,145.13,"3,771.95"
07/08/2020,DIRECT DEBIT TO VIRGIN MEDIA,Virgin Media,Utilities,,85.09,"3,686.86"
07/08/2020,CARD PAYMENT TO UNITED UTILITIES,United Utilities,Utilities,,16.28,"3,670.58"
08/08/2020,CARD PAYMENT TO DELIVEROO,Deliveroo,Food & Drink,,26.39,"3,644.19"
09/08/2020,CARD PAYMENT TO MORRISONS,Morrisons,Groceries,,53.03,"3,591.16"
11/08/2020,CARD PAYMENT TO SAINSBURYS,Sainsburys,Groceries,,23.13,"3,568.03"
11/08/2020,CARD PAYMENT TO UNITED UTILITIES,United Utilities,Utilities,,23.94,"3,544.09"
14/08/2020,CARD PAYMENT TO DISNEY PLUS,Disney Plus,Subscriptions,,10.21,"3,533.88"
14/08/2020,CARD PAYMENT TO PRET,Pret,Food & Drink,,16.6,"3,517.28"
16/08/2020,CARD PAYMENT TO SPOTIFY,Spotify,Subscriptions,,2.97,"3,514.31"
16/08/2020,CARD PAYMENT TO APPLE,Apple,Subscriptions,,8.82,"3,505.49"
18/08/2020,CARD PAYMENT TO SPOTIFY,Spotify,Subscriptions,,16.39,"3,489.10"
18/08/2020,CARD PAYMENT TO CURRYS,Currys,Shopping,,25.84,"3,463.26"
18/08/2020,CARD PAYMENT TO WATERSTONES,Waterstones,Recreation,,41.65,"3,421.61"
19/08/2020,CARD PAYMENT TO DECATHLON,Decathlon,Fitness,,47.22,"3,374.39"
20/08/2020,CARD PAYMENT TO NANDOS,Nandos,Food & Drink,,21.95,"3,352.44"
20/08/2020,CARD PAYMENT TO UBER,Uber,Transport,,31.48,"3,320.96"
21/08/2020,CARD PAYMENT TO DECATHLON,Decathlon,Fitness,,69.65,"3,251.31"
22/08/2020,CARD PAYMENT TO PUREGYM,PureGym,Fitness,,38.75,"3,212.56"
22/08/2020,CARD PAYMENT TO IKEA,Ikea,Shopping,,76.76,"3,135.80"
22/08/2020,CARD PAYMENT TO UNITED UTILITIES,United Utilities,Utilities,,46.53,"3,089.27"
27/08/2020,CARD PAYMENT TO DELIVEROO,Deliveroo,Food & Drink,,22.95,"3,066.32"
27/08/2020,CARD PAYMENT TO UNITED UTILITIES,United Utilities,Utilities,,7.7,"3,058.62"
28/08/2020,CARD PAYMENT TO PRET,Pret,Food & Drink,,12.55,"3,046.07"
28/08/2020,CARD PAYMENT TO PUREGYM,PureGym,Fitness,,78.1,"2,967.97"
29/08/2020,CARD PAYMENT TO AMAZON,Amazon,Shopping,,110.36,"2,857.61"
29/08/2020,CARD PAYMENT TO BP,BP,Transport,,42.15,"2,815.46"
30/08/2020,CARD PAYMENT TO GREGGS,Greggs,Food & Drink,,25.83,"2,789.63"
31/08/2020,CARD PAYMENT TO NANDOS,Nandos,Food & Drink,,10.52,"2,779.11"
31/08/2020,CARD PAYMENT TO UBER,Uber,Transport,,51.95,"2,727.16"
01/09/2020,SALARY PAYMENT ACME ENGINEERING LTD,Salary,Income,2789.82,,"5,516.98"
02/09/2020,DIRECT DEBIT TO LANDLORD RENT PAYMENT,Rent,Housing,,850,"4,666.98"
02/09/2020,CARD PAYMENT TO SAINSBURYS,Sainsburys,Groceries,,23.58,"4,643.40"
02/09/2020,CARD PAYMENT TO CINEWORLD,Cineworld,Recreation,,27.55,"4,615.85"
03/09/2020,DIRECT DEBIT TO OCTOPUS ENERGY,Octopus Energy,Utilities,,85.89,"4,529.96"
03/09/2020,CARD PAYMENT TO STARBUCKS,Starbucks,Food & Drink,,23.01,"4,506.95"
03/09/2020,CARD PAYMENT TO TESCO,Tesco,Groceries,,50.53,"4,456.42"
03/09/2020,CARD PAYMENT TO UBER,Uber,Transport,,29.83,"4,426.59"
04/09/2020,CARD PAYMENT TO VIRGIN MEDIA,Virgin Media,Utilities,,19.02,"4,407.57"
04/09/2020,CARD PAYMENT TO AMAZON,Amazon,Shopping,,160.75,"4,246.82"
05/09/2020,DIRECT DEBIT TO OCTOPUS ENERGY,Octopus Energy,Utilities,,36.02,"4,210.80"
07/09/2020,DIRECT DEBIT TO VIRGIN MEDIA,Virgin Media,Utilities,,56.02,"4,154.78"
07/09/2020,CARD PAYMENT TO APPLE,Apple,Subscriptions,,8.63,"4,146.15"
07/09/2020,CARD PAYMENT TO SHELL,Shell,Transport,,25.95,"4,120.20"
07/09/2020,CARD PAYMENT TO GREGGS,Greggs,Food & Drink,,21.31,"4,098.89"
08/09/2020,CARD PAYMENT TO STEAM,Steam,Recreation,,21.03,"4,077.86"
11/09/2020,CARD PAYMENT TO STEAM,Steam,Recreation,,48.37,"4,029.49"
12/09/2020,CARD PAYMENT TO CINEWORLD,Cineworld,Recreation,,16,"4,013.49"
12/09/2020,CARD PAYMENT TO APPLE,Apple,Subscriptions,,4.81,"4,008.68"
13/09/2020,CARD PAYMENT TO TRAINLINE,Trainline,Transport,,11.75,"3,996.93"
13/09/2020,CARD PAYMENT TO ALDI,Aldi,Groceries,,9.07,"3,987.86"
15/09/2020,CARD PAYMENT TO DECATHLON,Decathlon,Fitness,,62.57,"3,925.29"
16/09/2020,CARD PAYMENT TO STEAM,Steam,Recreation,,30.25,"3,895.04"
16/09/2020,CARD PAYMENT TO CURRYS,Currys,Shopping,,147.22,"3,747.82"
17/09/2020,CARD PAYMENT TO AMAZON,Amazon,Shopping,,87.06,"3,660.76"
17/09/2020,CARD PAYMENT TO STARBUCKS,Starbucks,Food & Drink,,14.76,"3,646.00"
17/09/2020,CARD PAYMENT TO PUREGYM,PureGym,Fitness,,43.75,"3,602.25"
18/09/2020,CARD PAYMENT TO CURRYS,Currys,Shopping,,69.96,"3,532.29"
18/09/2020,CARD PAYMENT TO OCTOPUS ENERGY,Octopus Energy,Utilities,,27.97,"3,504.32"
20/09/2020,CARD PAYMENT TO IKEA,Ikea,Shopping,,135.02,"3,369.30"
21/09/2020,CARD PAYMENT TO SHELL,Shell,Transport,,15.62,"3,353.68"
22/09/2020,CARD PAYMENT TO UNITED UTILITIES,United Utilities,Utilities,,11.88,"3,341.80"
24/09/2020,CARD PAYMENT TO APPLE,Apple,Subscriptions,,14.07,"3,327.73"
25/09/2020,CARD PAYMENT TO IKEA,Ikea,Shopping,,39.91,"3,287.82"
27/09/2020,CARD PAYMENT TO DISNEY PLUS,Disney Plus,Subscriptions,,14.74,"3,273.08"
27/09/2020,CARD PAYMENT TO MORRISONS,Morrisons,Groceries,,36.92,"3,236.16"
28/09/2020,CARD PAYMENT TO APPLE,Apple,Subscriptions,,2.6,"3,233.56"
28/09/2020,CARD PAYMENT TO IKEA,Ikea,Shopping,,27.66,"3,205.90"
30/09/2020,CARD PAYMENT TO SPOTIFY,Spotify,Subscriptions,,9.2,"3,196.70"
30/09/2020,CARD PAYMENT TO TRAINLINE,Trainline,Transport,,39.46,"3,157.24"
01/10/2020,SALARY PAYMENT ACME ENGINEERING LTD,Salary,Income,2600.55,,"5,757.79"
02/10/2020,DIRECT DEBIT TO LANDLORD RENT PAYMENT,Rent,Housing,,850,"4,907.79"
02/10/2020,CARD PAYMENT TO NANDOS,Nandos,Food & Drink,,27.28,"4,880.51"
02/10/2020,CARD PAYMENT TO AMAZON,Amazon,Shopping,,98.25,"4,782.26"
02/10/2020,CARD PAYMENT TO OCTOPUS ENERGY,Octopus Energy,Utilities,,16.15,"4,766.11"
03/10/2020,DIRECT DEBIT TO VIRGIN MEDIA,Virgin Media,Utilities,,94.37,"4,671.74"
03/10/2020,CARD PAYMENT TO IKEA,Ikea,Shopping,,166.46,"4,505.28"
04/10/2020,CARD PAYMENT TO DECATHLON,Decathlon,Fitness,,60.73,"4,444.55"
04/10/2020,CARD PAYMENT TO ASDA,Asda,Groceries,,44.9,"4,399.65"
04/10/2020,CARD PAYMENT TO GREGGS,Greggs,Food & Drink,,5.55,"4,394.10"
05/10/2020,DIRECT DEBIT TO UNITED UTILITIES,United Utilities,Utilities,,52.06,"4,342.04"
05/10/2020,CARD PAYMENT TO VIRGIN MEDIA,Virgin Media,Utilities,,8.67,"4,333.37"
06/10/2020,CARD PAYMENT TO IKEA,Ikea,Shopping,,174.67,"4,158.70"
07/10/2020,DIRECT DEBIT TO UNITED UTILITIES,United Utilities,Utilities,,71.35,"4,087.35"
09/10/2020,CARD PAYMENT TO DECATHLON,Decathlon,Fitness,,68.79,"4,018.56"
11/10/2020,CARD PAYMENT TO AMAZON,Amazon,Shopping,,74.83,"3,943.73"
11/10/2020,CARD PAYMENT TO OCTOPUS ENERGY,Octopus Energy,Utilities,,20.38,"3,923.35"
12/10/2020,CARD PAYMENT TO BP,BP,Transport,,60,"3,863.35"
12/10/2020,CARD PAYMENT TO OCTOPUS ENERGY,Octopus Energy,Utilities,,18.31,"3,845.04"
12/10/2020,CARD PAYMENT TO UBER EATS,Uber Eats,Food & Drink,,23.81,"3,821.23"
14/10/2020,CARD PAYMENT TO UNITED UTILITIES,United Utilities,Utilities,,21.95,"3,799.28"
15/10/2020,CARD PAYMENT TO UNITED UTILITIES,United Utilities,Utilities,,39.7,"3,759.58"
16/10/2020,CARD PAYMENT TO SPOTIFY,Spotify,Subscriptions,,8.57,"3,751.01"
17/10/2020,CARD PAYMENT TO DISNEY PLUS,Disney Plus,Subscriptions,,14.04,"3,736.97"
18/10/2020,CARD PAYMENT TO BP,BP,Transport,,24.09,"3,712.88"
18/10/2020,CARD PAYMENT TO NETFLIX,Netflix,Subscriptions,,7.89,"3,704.99"
19/10/2020,CARD PAYMENT TO DISNEY PLUS,Disney Plus,Subscriptions,,14.45,"3,690.54"
20/10/2020,CARD PAYMENT TO OCTOPUS ENERGY,Octopus Energy,Utilities,,41.06,"3,649.48"
20/10/2020,CARD PAYMENT TO VIRGIN MEDIA,Virgin Media,Utilities,,7.35,"3,642.13"
20/10/2020,CARD PAYMENT TO DISNEY PLUS,Disney Plus,Subscriptions,,10.87,"3,631.26"
23/10/2020,CARD PAYMENT TO NANDOS,Nandos,Food & Drink,,7.33,"3,623.93"
23/10/2020,CARD PAYMENT TO NETFLIX,Netflix,Subscriptions,,15.3,"3,608.63"
25/10/2020,CARD PAYMENT TO DISNEY PLUS,Disney Plus,Subscriptions,,16.89,"3,591.74"
26/10/2020,CARD PAYMENT TO ALDI,Aldi,Groceries,,36.61,"3,555.13"
26/10/2020,CARD PAYMENT TO UBER,Uber,Transport,,59.72,"3,495.41"
26/10/2020,CARD PAYMENT TO CURRYS,Currys,Shopping,,19.65,"3,475.76"
28/10/2020,CARD PAYMENT TO OCTOPUS ENERGY,Octopus Energy,Utilities,,6.72,"3,469.04"
28/10/2020,CARD PAYMENT TO NETFLIX,Netflix,Subscriptions,,14.14,"3,454.90"
29/10/2020,CARD PAYMENT TO SPOTIFY,Spotify,Subscriptions,,16.49,"3,438.41"
29/10/2020,CARD PAYMENT TO MORRISONS,Morrisons,Groceries,,20.29,"3,418.12"
29/10/2020,CARD PAYMENT TO UNITED UTILITIES,United Utilities,Utilities,,47.31,"3,370.81"
30/10/2020,CARD PAYMENT TO NANDOS,Nandos,Food & Drink,,10.78,"3,360.03"
30/10/2020,CARD PAYMENT TO STEAM,Steam,Recreation,,12.39,"3,347.64"
30/10/2020,CARD PAYMENT TO DECATHLON,Decathlon,Fitness,,23.77,"3,323.87"
31/10/2020,CARD PAYMENT TO ASDA,Asda,Groceries,,37.38,"3,286.49"
01/11/2020,SALARY PAYMENT ACME ENGINEERING LTD,Salary,Income,2496.78,,"5,783.27"
01/11/2020,CARD PAYMENT TO CINEWORLD,Cineworld,Recreation,,10.08,"5,773.19"
02/11/2020,DIRECT DEBIT TO LANDLORD RENT PAYMENT,Rent,Housing,,850,"4,923.19"
02/11/2020,CARD PAYMENT TO UBER,Uber,Transport,,17.74,"4,905.45"
02/11/2020,CARD PAYMENT TO UBER EATS,Uber Eats,Food & Drink,,29.32,"4,876.13"
03/11/2020,DIRECT DEBIT TO OCTOPUS ENERGY,Octopus Energy,Utilities,,91.74,"4,784.39"
04/11/2020,CARD PAYMENT TO SPOTIFY,Spotify,Subscriptions,,12.17,"4,772.22"
04/11/2020,CARD PAYMENT TO IKEA,Ikea,Shopping,,138.31,"4,633.91"
04/11/2020,CARD PAYMENT TO AMAZON,Amazon,Shopping,,71.89,"4,562.02"
05/11/2020,DIRECT DEBIT TO UNITED UTILITIES,United Utilities,Utilities,,71,"4,491.02"
06/11/2020,CARD PAYMENT TO OCTOPUS ENERGY,Octopus Energy,Utilities,,20.85,"4,470.17"
06/11/2020,CARD PAYMENT TO CURRYS,Currys,Shopping,,152.01,"4,318.16"
07/11/2020,DIRECT DEBIT TO UNITED UTILITIES,United Utilities,Utilities,,57.52,"4,260.64"
07/11/2020,CARD PAYMENT TO OCTOPUS ENERGY,Octopus Energy,Utilities,,7.84,"4,252.80"
07/11/2020,CARD PAYMENT TO SPOTIFY,Spotify,Subscriptions,,6.7,"4,246.10"
07/11/2020,CARD PAYMENT TO SAINSBURYS,Sainsburys,Groceries,,58.49,"4,187.61"
08/11/2020,CARD PAYMENT TO WATERSTONES,Waterstones,Recreation,,29.91,"4,157.70"
09/11/2020,CARD PAYMENT TO STEAM,Steam,Recreation,,47.66,"4,110.04"
09/11/2020,CARD PAYMENT TO TRAINLINE,Trainline,Transport,,26.56,"4,083.48"
09/11/2020,CARD PAYMENT TO ASDA,Asda,Groceries,,26.92,"4,056.56"
11/11/2020,CARD PAYMENT TO DECATHLON,Decathlon,Fitness,,64.6,"3,991.96"
11/11/2020,CARD PAYMENT TO DECATHLON,Decathlon,Fitness,,78.42,"3,913.54"
12/11/2020,CARD PAYMENT TO DISNEY PLUS,Disney Plus,Subscriptions,,16.79,"3,896.75"
12/11/2020,CARD PAYMENT TO STEAM,Steam,Recreation,,46.35,"3,850.40"
14/11/2020,CARD PAYMENT TO UNITED UTILITIES,United Utilities,Utilities,,18.22,"3,832.18"
14/11/2020,CARD PAYMENT TO COSTA COFFEE,Costa Coffee,Food & Drink,,11.85,"3,820.33"
15/11/2020,CARD PAYMENT TO CINEWORLD,Cineworld,Recreation,,40.13,"3,780.20"
15/11/2020,CARD PAYMENT TO PUREGYM,PureGym,Fitness,,61.39,"3,718.81"
16/11/2020,CARD PAYMENT TO SPOTIFY,Spotify,Subscriptions,,13.63,"3,705.18"
16/11/2020,CARD PAYMENT TO JD SPORTS,JD Sports,Shopping,,60.3,"3,644.88"
19/11/2020,CARD PAYMENT TO CURRYS,Currys,Shopping,,172.21,"3,472.67"
19/11/2020,CARD PAYMENT TO UNITED UTILITIES,United Utilities,Utilities,,35.51,"3,437.16"
19/11/2020,CARD PAYMENT TO SPOTIFY,Spotify,Subscriptions,,4.02,"3,433.14"
20/11/2020,CARD PAYMENT TO IKEA,Ikea,Shopping,,78.17,"3,354.97"
22/11/2020,CARD PAYMENT TO DISNEY PLUS,Disney Plus,Subscriptions,,7.95,"3,347.02"
25/11/2020,CARD PAYMENT TO DECATHLON,Decathlon,Fitness,,58.97,"3,288.05"
25/11/2020,CARD PAYMENT TO SHELL,Shell,Transport,,9.35,"3,278.70"
26/11/2020,CARD PAYMENT TO APPLE,Apple,Subscriptions,,16.62,"3,262.08"
28/11/2020,CARD PAYMENT TO WATERSTONES,Waterstones,Recreation,,32.31,"3,229.77"
29/11/2020,CARD PAYMENT TO NETFLIX,Netflix,Subscriptions,,3.96,"3,225.81"
29/11/2020,CARD PAYMENT TO PRET,Pret,Food & Drink,,7.66,"3,218.15"
30/11/2020,CARD PAYMENT TO NANDOS,Nandos,Food & Drink,,21.41,"3,196.74"
30/11/2020,CARD PAYMENT TO IKEA,Ikea,Shopping,,132.07,"3,064.67"
01/12/2020,SALARY PAYMENT ACME ENGINEERING LTD,Salary,Income,2616.87,,"5,681.54"
01/12/2020,CARD PAYMENT TO UNITED UTILITIES,United Utilities,Utilities,,36.93,"5,644.61"
01/12/2020,CARD PAYMENT TO VIRGIN MEDIA,Virgin Media,Utilities,,27.89,"5,616.72"
02/12/2020,DIRECT DEBIT TO LANDLORD RENT PAYMENT,Rent,Housing,,850,"4,766.72"
03/12/2020,DIRECT DEBIT TO OCTOPUS ENERGY,Octopus Energy,Utilities,,80.44,"4,686.28"
03/12/2020,CARD PAYMENT TO SPOTIFY,Spotify,Subscriptions,,7.77,"4,678.51"
04/12/2020,CARD PAYMENT TO NETFLIX,Netflix,Subscriptions,,11.79,"4,666.72"
04/12/2020,CARD PAYMENT TO COSTA COFFEE,Costa Coffee,Food & Drink,,11.35,"4,655.37"
05/12/2020,DIRECT DEBIT TO UNITED UTILITIES,United Utilities,Utilities,,75.32,"4,580.05"
05/12/2020,CARD PAYMENT TO PUREGYM,PureGym,Fitness,,27.52,"4,552.53"
05/12/2020,CARD PAYMENT TO AMAZON,Amazon,Shopping,,89.25,"4,463.28"
06/12/2020,CARD PAYMENT TO UNITED UTILITIES,United Utilities,Utilities,,33.79,"4,429.49"
06/12/2020,CARD PAYMENT TO OCTOPUS ENERGY,Octopus Energy,Utilities,,24.47,"4,405.02"
07/12/2020,DIRECT DEBIT TO OCTOPUS ENERGY,Octopus Energy,Utilities,,83.2,"4,321.82"
07/12/2020,CARD PAYMENT TO STEAM,Steam,Recreation,,18.1,"4,303.72"
08/12/2020,CARD PAYMENT TO IKEA,Ikea,Shopping,,154.58,"4,149.14"
09/12/2020,CARD PAYMENT TO TRAINLINE,Trainline,Transport,,14.51,"4,134.63"
09/12/2020,CARD PAYMENT TO WATERSTONES,Waterstones,Recreation,,36.67,"4,097.96"
11/12/2020,CARD PAYMENT TO UNITED UTILITIES,United Utilities,Utilities,,33.1,"4,064.86"
12/12/2020,CARD PAYMENT TO TESCO,Tesco,Groceries,,12.63,"4,052.23"
13/12/2020,CARD PAYMENT TO UBER,Uber,Transport,,40.14,"4,012.09"
13/12/2020,CARD PAYMENT TO ALDI,Aldi,Groceries,,58.67,"3,953.42"
14/12/2020,CARD PAYMENT TO CINEWORLD,Cineworld,Recreation,,22.24,"3,931.18"
14/12/2020,CARD PAYMENT TO DECATHLON,Decathlon,Fitness,,47.21,"3,883.97"
16/12/2020,CARD PAYMENT TO APPLE,Apple,Subscriptions,,9.75,"3,874.22"
17/12/2020,CARD PAYMENT TO CURRYS,Currys,Shopping,,66.58,"3,807.64"
18/12/2020,CARD PAYMENT TO JD SPORTS,JD Sports,Shopping,,36.58,"3,771.06"
18/12/2020,CARD PAYMENT TO AMAZON,Amazon,Shopping,,67.65,"3,703.41"
19/12/2020,CARD PAYMENT TO GREGGS,Greggs,Food & Drink,,15.14,"3,688.27"
19/12/2020,CARD PAYMENT TO OCTOPUS ENERGY,Octopus Energy,Utilities,,7.28,"3,680.99"
19/12/2020,CARD PAYMENT TO DECATHLON,Decathlon,Fitness,,34.9,"3,646.09"
20/12/2020,CARD PAYMENT TO IKEA,Ikea,Shopping,,46.32,"3,599.77"
21/12/2020,CARD PAYMENT TO APPLE,Apple,Subscriptions,,9.98,"3,589.79"
22/12/2020,CARD PAYMENT TO SPOTIFY,Spotify,Subscriptions,,3.44,"3,586.35"
22/12/2020,CARD PAYMENT TO DECATHLON,Decathlon,Fitness,,78,"3,508.35"
24/12/2020,CARD PAYMENT TO TESCO,Tesco,Groceries,,24.04,"3,484.31"
25/12/2020,CARD PAYMENT TO WATERSTONES,Waterstones,Recreation,,10.41,"3,473.90"
25/12/2020,CARD PAYMENT TO PRET,Pret,Food & Drink,,6.62,"3,467.28"
25/12/2020,CARD PAYMENT TO WATERSTONES,Waterstones,Recreation,,28.29,"3,438.99"
26/12/2020,CARD PAYMENT TO AMAZON,Amazon,Shopping,,81.1,"3,357.89"
27/12/2020,CARD PAYMENT TO IKEA,Ikea,Shopping,,27.13,"3,330.76"
28/12/2020,CARD PAYMENT TO WATERSTONES,Waterstones,Recreation,,44.02,"3,286.74"
28/12/2020,CARD PAYMENT TO STARBUCKS,Starbucks,Food & Drink,,29.33,"3,257.41"
29/12/2020,CARD PAYMENT TO IKEA,Ikea,Shopping,,107.04,"3,150.37"
29/12/2020,CARD PAYMENT TO CURRYS,Currys,Shopping,,47.84,"3,102.53"
30/12/2020,CARD PAYMENT TO TESCO,Tesco,Groceries,,10.22,"3,092.31"
30/12/2020,CARD PAYMENT TO JD SPORTS,JD Sports,Shopping,,100.69,"2,991.62"
01/01/2021,SALARY PAYMENT ACME ENGINEERING LTD,Salary,Income,2757.25,,"5,748.87"
01/01/2021,CARD PAYMENT TO IKEA,Ikea,Shopping,,41.81,"5,707.06"
02/01/2021,DIRECT DEBIT TO LANDLORD RENT PAYMENT,Rent,Housing,,850,"4,857.06"
02/01/2021,CARD PAYMENT TO JD SPORTS,JD Sports,Shopping,,131.94,"4,725.12"
03/01/2021,DIRECT DEBIT TO VIRGIN MEDIA,Virgin Media,Utilities,,58.24,"4,666.88"
04/01/2021,CARD PAYMENT TO AMAZON,Amazon,Shopping,,176.68,"4,490.20"
05/01/2021,DIRECT DEBIT TO VIRGIN MEDIA,Virgin Media,Utilities,,80.77,"4,409.43"
06/01/2021,CARD PAYMENT TO WATERSTONES,Waterstones,Recreation,,49.15,"4,360.28"
07/01/2021,DIRECT DEBIT TO OCTOPUS ENERGY,Octopus Energy,Utilities,,75.5,"4,284.78"
07/01/2021,CARD PAYMENT TO UNITED UTILITIES,United Utilities,Utilities,,33.31,"4,251.47"
07/01/2021,CARD PAYMENT TO PUREGYM,PureGym,Fitness,,69.3,"4,182.17"
08/01/2021,CARD PAYMENT TO LIDL,Lidl,Groceries,,62.05,"4,120.12"
10/01/2021,CARD PAYMENT TO ALDI,Aldi,Groceries,,25.88,"4,094.24"
11/01/2021,CARD PAYMENT TO PUREGYM,PureGym,Fitness,,44.62,"4,049.62"
12/01/2021,CARD PAYMENT TO ASDA,Asda,Groceries,,15.87,"4,033.75"
12/01/2021,CARD PAYMENT TO TRAINLINE,Trainline,Transport,,59.9,"3,973.85"
12/01/2021,CARD PAYMENT TO APPLE,Apple,Subscriptions,,7.02,"3,966.83"
13/01/2021,CARD PAYMENT TO DISNEY PLUS,Disney Plus,Subscriptions,,10.74,"3,956.09"
14/01/2021,CARD PAYMENT TO NETFLIX,Netflix,Subscriptions,,17.32,"3,938.77"
15/01/2021,CARD PAYMENT TO STEAM,Steam,Recreation,,57.07,"3,881.70"
16/01/2021,CARD PAYMENT TO WATERSTONES,Waterstones,Recreation,,20.36,"3,861.34"
16/01/2021,CARD PAYMENT TO DISNEY PLUS,Disney Plus,Subscriptions,,9.68,"3,851.66"
17/01/2021,CARD PAYMENT TO STEAM,Steam,Recreation,,38.67,"3,812.99"
18/01/2021,CARD PAYMENT TO DECATHLON,Decathlon,Fitness,,77.28,"3,735.71"
18/01/2021,CARD PAYMENT TO VIRGIN MEDIA,Virgin Media,Utilities,,6.89,"3,728.82"
18/01/2021,CARD PAYMENT TO GREGGS,Greggs,Food & Drink,,27.95,"3,700.87"
19/01/2021,CARD PAYMENT TO NETFLIX,Netflix,Subscriptions,,5.23,"3,695.64"
20/01/2021,CARD PAYMENT TO STEAM,Steam,Recreation,,15.46,"3,680.18"
21/01/2021,CARD PAYMENT TO SHELL,Shell,Transport,,42.83,"3,637.35"
22/01/2021,CARD PAYMENT TO SHELL,Shell,Transport,,13.21,"3,624.14"
23/01/2021,CARD PAYMENT TO SPOTIFY,Spotify,Subscriptions,,12.9,"3,611.24"
23/01/2021,CARD PAYMENT TO OCTOPUS ENERGY,Octopus Energy,Utilities,,48.4,"3,562.84"
24/01/2021,CARD PAYMENT TO DECATHLON,Decathlon,Fitness,,48.65,"3,514.19"
25/01/2021,CARD PAYMENT TO CINEWORLD,Cineworld,Recreation,,24.27,"3,489.92"
30/01/2021,CARD PAYMENT TO PUREGYM,PureGym,Fitness,,76.04,"3,413.88"
01/02/2021,SALARY PAYMENT ACME ENGINEERING LTD,Salary,Income,2798.87,,"6,212.75"
01/02/2021,CARD PAYMENT TO NETFLIX,Netflix,Subscriptions,,16.99,"6,195.76"
01/02/2021,CARD PAYMENT TO STEAM,Steam,Recreation,,10.46,"6,185.30"
02/02/2021,DIRECT DEBIT TO LANDLORD RENT PAYMENT,Rent,Housing,,850,"5,335.30"
03/02/2021,DIRECT DEBIT TO VIRGIN MEDIA,Virgin Media,Utilities,,44.92,"5,290.38"
03/02/2021,CARD PAYMENT TO UNITED UTILITIES,United Utilities,Utilities,,26.06,"5,264.32"
03/02/2021,CARD PAYMENT TO SHELL,Shell,Transport,,25.2,"5,239.12"
03/02/2021,CARD PAYMENT TO DISNEY PLUS,Disney Plus,Subscriptions,,13.5,"5,225.62"
05/02/2021,DIRECT DEBIT TO UNITED UTILITIES,United Utilities,Utilities,,48.6,"5,177.02"
05/02/2021,CARD PAYMENT TO BP,BP,Transport,,39.77,"5,137.25"
06/02/2021,CARD PAYMENT TO DECATHLON,Decathlon,Fitness,,25.2,"5,112.05"
06/02/2021,CARD PAYMENT TO STARBUCKS,Starbucks,Food & Drink,,29.51,"5,082.54"
06/02/2021,CARD PAYMENT TO DISNEY PLUS,Disney Plus,Subscriptions,,16.97,"5,065.57"
07/02/2021,DIRECT DEBIT TO OCTOPUS ENERGY,Octopus Energy,Utilities,,43.25,"5,022.32"
07/02/2021,CARD PAYMENT TO DISNEY PLUS,Disney Plus,Subscriptions,,17.26,"5,005.06"
10/02/2021,CARD PAYMENT TO CURRYS,Currys,Shopping,,25.25,"4,979.81"
10/02/2021,CARD PAYMENT TO PRET,Pret,Food & Drink,,11.28,"4,968.53"
11/02/2021,CARD PAYMENT TO WATERSTONES,Waterstones,Recreation,,15.87,"4,952.66"
11/02/2021,CARD PAYMENT TO CINEWORLD,Cineworld,Recreation,,40.73,"4,911.93"
12/02/2021,CARD PAYMENT TO VIRGIN MEDIA,Virgin Media,Utilities,,11.89,"4,900.04"
13/02/2021,CARD PAYMENT TO DECATHLON,Decathlon,Fitness,,65.44,"4,834.60"
13/02/2021,CARD PAYMENT TO BP,BP,Transport,,43.38,"4,791.22"
15/02/2021,CARD PAYMENT TO AMAZON,Amazon,Shopping,,166.35,"4,624.87"
15/02/2021,CARD PAYMENT TO COSTA COFFEE,Costa Coffee,Food & Drink,,25.38,"4,599.49"
17/02/2021,CARD PAYMENT TO VIRGIN MEDIA,Virgin Media,Utilities,,43.45,"4,556.04"
18/02/2021,CARD PAYMENT TO DELIVEROO,Deliveroo,Food & Drink,,8.55,"4,547.49"
18/02/2021,CARD PAYMENT TO SPOTIFY,Spotify,Subscriptions,,16.38,"4,531.11"
19/02/2021,CARD PAYMENT TO ALDI,Aldi,Groceries,,15.52,"4,515.59"
19/02/2021,CARD PAYMENT TO DECATHLON,Decathlon,Fitness,,53.83,"4,461.76"
20/02/2021,CARD PAYMENT TO WATERSTONES,Waterstones,Recreation,,11.09,"4,450.67"
20/02/2021,CARD PAYMENT TO STEAM,Steam,Recreation,,47.29,"4,403.38"
23/02/2021,CARD PAYMENT TO AMAZON,Amazon,Shopping,,104.29,"4,299.09"
23/02/2021,CARD PAYMENT TO TESCO,Tesco,Groceries,,64.21,"4,234.88"
23/02/2021,CARD PAYMENT TO SPOTIFY,Spotify,Subscriptions,,6.59,"4,228.29"
24/02/2021,CARD PAYMENT TO UNITED UTILITIES,United Utilities,Utilities,,49.02,"4,179.27"
25/02/2021,CARD PAYMENT TO JD SPORTS,JD Sports,Shopping,,89.01,"4,090.26"
25/02/2021,CARD PAYMENT TO DECATHLON,Decathlon,Fitness,,24.81,"4,065.45"
26/02/2021,CARD PAYMENT TO AMAZON,Amazon,Shopping,,44.45,"4,021.00"
27/02/2021,CARD PAYMENT TO UNITED UTILITIES,United Utilities,Utilities,,49.04,"3,971.96"
27/02/2021,CARD PAYMENT TO TESCO,Tesco,Groceries,,63.77,"3,908.19"
28/02/2021,CARD PAYMENT TO DECATHLON,Decathlon,Fitness,,69.4,"3,838.79"
28/02/2021,CARD PAYMENT TO UBER,Uber,Transport,,26,"3,812.79"
01/03/2021,SALARY PAYMENT ACME ENGINEERING LTD,Salary,Income,2510.26,,"6,323.05"
02/03/2021,DIRECT DEBIT TO LANDLORD RENT PAYMENT,Rent,Housing,,850,"5,473.05"
03/03/2021,DIRECT DEBIT TO UNITED UTILITIES,United Utilities,Utilities,,54.35,"5,418.70"
04/03/2021,CARD PAYMENT TO SHELL,Shell,Transport,,13.25,"5,405.45"
05/03/2021,DIRECT DEBIT TO OCTOPUS ENERGY,Octopus Energy,Utilities,,56.25,"5,349.20"
06/03/2021,CARD PAYMENT TO ALDI,Aldi,Groceries,,33.02,"5,316.18"
07/03/2021,DIRECT DEBIT TO UNITED UTILITIES,United Utilities,Utilities,,40.21,"5,275.97"
09/03/2021,CARD PAYMENT TO TRAINLINE,Trainline,Transport,,38.03,"5,237.94"
09/03/2021,CARD PAYMENT TO CURRYS,Currys,Shopping,,64.79,"5,173.15"
11/03/2021,CARD PAYMENT TO DECATHLON,Decathlon,Fitness,,36.51,"5,136.64"
12/03/2021,CARD PAYMENT TO DECATHLON,Decathlon,Fitness,,22.81,"5,113.83"
13/03/2021,CARD PAYMENT TO DECATHLON,Decathlon,Fitness,,61.78,"5,052.05"
13/03/2021,CARD PAYMENT TO PUREGYM,PureGym,Fitness,,37.99,"5,014.06"
15/03/2021,CARD PAYMENT TO BP,BP,Transport,,23.64,"4,990.42"
15/03/2021,CARD PAYMENT TO VIRGIN MEDIA,Virgin Media,Utilities,,46.16,"4,944.26"
16/03/2021,CARD PAYMENT TO PUREGYM,PureGym,Fitness,,43.31,"4,900.95"
16/03/2021,CARD PAYMENT TO STEAM,Steam,Recreation,,26.51,"4,874.44"
16/03/2021,CARD PAYMENT TO PRET,Pret,Food & Drink,,25.87,"4,848.57"
18/03/2021,CARD PAYMENT TO MORRISONS,Morrisons,Groceries,,29.5,"4,819.07"
22/03/2021,CARD PAYMENT TO NETFLIX,Netflix,Subscriptions,,15.91,"4,803.16"
23/03/2021,CARD PAYMENT TO STEAM,Steam,Recreation,,20.59,"4,782.57"
23/03/2021,CARD PAYMENT TO SHELL,Shell,Transport,,46.84,"4,735.73"
24/03/2021,CARD PAYMENT TO BP,BP,Transport,,28.62,"4,707.11"
24/03/2021,CARD PAYMENT TO TRAINLINE,Trainline,Transport,,48.33,"4,658.78"
24/03/2021,CARD PAYMENT TO DECATHLON,Decathlon,Fitness,,52.02,"4,606.76"
25/03/2021,CARD PAYMENT TO CINEWORLD,Cineworld,Recreation,,27.98,"4,578.78"
25/03/2021,CARD PAYMENT TO APPLE,Apple,Subscriptions,,3.58,"4,575.20"
26/03/2021,CARD PAYMENT TO CURRYS,Currys,Shopping,,76.17,"4,499.03"
26/03/2021,CARD PAYMENT TO PUREGYM,PureGym,Fitness,,53.75,"4,445.28"
26/03/2021,CARD PAYMENT TO BP,BP,Transport,,8.84,"4,436.44"
27/03/2021,CARD PAYMENT TO STEAM,Steam,Recreation,,19.81,"4,416.63"
27/03/2021,CARD PAYMENT TO UBER,Uber,Transport,,37.63,"4,379.00"
27/03/2021,CARD PAYMENT TO UBER,Uber,Transport,,36.63,"4,342.37"
28/03/2021,CARD PAYMENT TO CINEWORLD,Cineworld,Recreation,,58.33,"4,284.04"
28/03/2021,CARD PAYMENT TO APPLE,Apple,Subscriptions,,4.69,"4,279.35"
29/03/2021,CARD PAYMENT TO OCTOPUS ENERGY,Octopus Energy,Utilities,,37.41,"4,241.94"
29/03/2021,CARD PAYMENT TO NETFLIX,Netflix,Subscriptions,,16.67,"4,225.27"
01/04/2021,SALARY PAYMENT ACME ENGINEERING LTD,Salary,Income,2735.63,,"6,960.90"
02/04/2021,DIRECT DEBIT TO LANDLORD RENT PAYMENT,Rent,Housing,,850,"6,110.90"
03/04/2021,DIRECT DEBIT TO OCTOPUS ENERGY,Octopus Energy,Utilities,,53.87,"6,057.03"
03/04/2021,CARD PAYMENT TO DELIVEROO,Deliveroo,Food & Drink,,7.08,"6,049.95"
05/04/2021,DIRECT DEBIT TO VIRGIN MEDIA,Virgin Media,Utilities,,51.12,"5,998.83"
05/04/2021,CARD PAYMENT TO SPOTIFY,Spotify,Subscriptions,,2.11,"5,996.72"
05/04/2021,CARD PAYMENT TO PUREGYM,PureGym,Fitness,,21,"5,975.72"
06/04/2021,CARD PAYMENT TO STEAM,Steam,Recreation,,35.11,"5,940.61"
07/04/2021,DIRECT DEBIT TO UNITED UTILITIES,United Utilities,Utilities,,72.18,"5,868.43"
07/04/2021,CARD PAYMENT TO COSTA COFFEE,Costa Coffee,Food & Drink,,17.16,"5,851.27"
08/04/2021,CARD PAYMENT TO TRAINLINE,Trainline,Transport,,50.39,"5,800.88"
09/04/2021,CARD PAYMENT TO PUREGYM,PureGym,Fitness,,42.38,"5,758.50"
09/04/2021,CARD PAYMENT TO DECATHLON,Decathlon,Fitness,,53.9,"5,704.60"
10/04/2021,CARD PAYMENT TO WATERSTONES,Waterstones,Recreation,,51.4,"5,653.20"
14/04/2021,CARD PAYMENT TO DECATHLON,Decathlon,Fitness,,53.16,"5,600.04"
14/04/2021,CARD PAYMENT TO ASDA,Asda,Groceries,,8.54,"5,591.50"
14/04/2021,CARD PAYMENT TO OCTOPUS ENERGY,Octopus Energy,Utilities,,27.49,"5,564.01"
15/04/2021,CARD PAYMENT TO AMAZON,Amazon,Shopping,,162.64,"5,401.37"
15/04/2021,CARD PAYMENT TO SAINSBURYS,Sainsburys,Groceries,,20.05,"5,381.32"
16/04/2021,CARD PAYMENT TO STEAM,Steam,Recreation,,56.21,"5,325.11"
16/04/2021,CARD PAYMENT TO WATERSTONES,Waterstones,Recreation,,38.18,"5,286.93"
16/04/2021,CARD PAYMENT TO SAINSBURYS,Sainsburys,Groceries,,60.94,"5,225.99"
17/04/2021,CARD PAYMENT TO SAINSBURYS,Sainsburys,Groceries,,41.46,"5,184.53"
17/04/2021,CARD PAYMENT TO PUREGYM,PureGym,Fitness,,37.96,"5,146.57"
19/04/2021,CARD PAYMENT TO JD SPORTS,JD Sports,Shopping,,139.68,"5,006.89"
19/04/2021,CARD PAYMENT TO UNITED UTILITIES,United Utilities,Utilities,,37.59,"4,969.30"
20/04/2021,CARD PAYMENT TO TESCO,Tesco,Groceries,,32.91,"4,936.39"
20/04/2021,CARD PAYMENT TO GREGGS,Greggs,Food & Drink,,19.34,"4,917.05"
21/04/2021,CARD PAYMENT TO AMAZON,Amazon,Shopping,,119.63,"4,797.42"
21/04/2021,CARD PAYMENT TO APPLE,Apple,Subscriptions,,5.65,"4,791.77"
22/04/2021,CARD PAYMENT TO PUREGYM,PureGym,Fitness,,60.78,"4,730.99"
22/04/2021,CARD PAYMENT TO PUREGYM,PureGym,Fitness,,66.33,"4,664.66"
22/04/2021,CARD PAYMENT TO STEAM,Steam,Recreation,,45.66,"4,619.00"
24/04/2021,CARD PAYMENT TO VIRGIN MEDIA,Virgin Media,Utilities,,37.03,"4,581.97"
24/04/2021,CARD PAYMENT TO UNITED UTILITIES,United Utilities,Utilities,,22.53,"4,559.44"
25/04/2021,CARD PAYMENT TO COSTA COFFEE,Costa Coffee,Food & Drink,,3.14,"4,556.30"
25/04/2021,CARD PAYMENT TO CINEWORLD,Cineworld,Recreation,,28,"4,528.30"
26/04/2021,CARD PAYMENT TO STARBUCKS,Starbucks,Food & Drink,,5.36,"4,522.94"
26/04/2021,CARD PAYMENT TO DECATHLON,Decathlon,Fitness,,53.42,"4,469.52"
27/04/2021,CARD PAYMENT TO COSTA COFFEE,Costa Coffee,Food & Drink,,5.42,"4,464.10"
27/04/2021,CARD PAYMENT TO UBER EATS,Uber Eats,Food & Drink,,19.15,"4,444.95"
28/04/2021,CARD PAYMENT TO PUREGYM,PureGym,Fitness,,37.51,"4,407.44"
28/04/2021,CARD PAYMENT TO PUREGYM,PureGym,Fitness,,63.49,"4,343.95"
30/04/2021,CARD PAYMENT TO PUREGYM,PureGym,Fitness,,28.33,"4,315.62"
01/05/2021,SALARY PAYMENT ACME ENGINEERING LTD,Salary,Income,2520.45,,"6,836.07"
01/05/2021,CARD PAYMENT TO OCTOPUS ENERGY,Octopus Energy,Utilities,,12.52,"6,823.55"
01/05/2021,CARD PAYMENT TO CINEWORLD,Cineworld,Recreation,,24.99,"6,798.56"
01/05/2021,CARD PAYMENT TO GREGGS,Greggs,Food & Drink,,9.8,"6,788.76"
02/05/2021,DIRECT DEBIT TO LANDLORD RENT PAYMENT,Rent,Housing,,850,"5,938.76"
02/05/2021,CARD PAYMENT TO NETFLIX,Netflix,Subscriptions,,9.33,"5,929.43"
03/05/2021,DIRECT DEBIT TO OCTOPUS ENERGY,Octopus Energy,Utilities,,46.33,"5,883.10"
03/05/2021,CARD PAYMENT TO JD SPORTS,JD Sports,Shopping,,147.67,"5,735.43"
03/05/2021,CARD PAYMENT TO JD SPORTS,JD Sports,Shopping,,70.23,"5,665.20"
04/05/2021,CARD PAYMENT TO CINEWORLD,Cineworld,Recreation,,40.16,"5,625.04"
05/05/2021,DIRECT DEBIT TO UNITED UTILITIES,United Utilities,Utilities,,39.06,"5,585.98"
05/05/2021,CARD PAYMENT TO VIRGIN MEDIA,Virgin Media,Utilities,,48.59,"5,537.39"
05/05/2021,CARD PAYMENT TO WATERSTONES,Waterstones,Recreation,,44.75,"5,492.64"
06/05/2021,CARD PAYMENT TO TRAINLINE,Trainline,Transport,,27.55,"5,465.09"
06/05/2021,CARD PAYMENT TO DECATHLON,Decathlon,Fitness,,26.83,"5,438.26"
07/05/2021,DIRECT DEBIT TO UNITED UTILITIES,United Utilities,Utilities,,38.99,"5,399.27"
09/05/2021,CARD PAYMENT TO UBER,Uber,Transport,,49.48,"5,349.79"
09/05/2021,CARD PAYMENT TO NANDOS,Nandos,Food & Drink,,25.89,"5,323.90"
09/05/2021,CARD PAYMENT TO DECATHLON,Decathlon,Fitness,,28.35,"5,295.55"
10/05/2021,CARD PAYMENT TO TRAINLINE,Trainline,Transport,,42.25,"5,253.30"
10/05/2021,CARD PAYMENT TO DECATHLON,Decathlon,Fitness,,24.44,"5,228.86"
11/05/2021,CARD PAYMENT TO DECATHLON,Decathlon,Fitness,,52.62,"5,176.24"
11/05/2021,CARD PAYMENT TO AMAZON,Amazon,Shopping,,33.05,"5,143.19"
12/05/2021,CARD PAYMENT TO CURRYS,Currys,Shopping,,121.75,"5,021.44"
14/05/2021,CARD PAYMENT TO JD SPORTS,JD Sports,Shopping,,32.48,"4,988.96"
14/05/2021,CARD PAYMENT TO GREGGS,Greggs,Food & Drink,,8.99,"4,979.97"
15/05/2021,CARD PAYMENT TO DISNEY PLUS,Disney Plus,Subscriptions,,8.26,"4,971.71"
16/05/2021,CARD PAYMENT TO AMAZON,Amazon,Shopping,,94.66,"4,877.05"
17/05/2021,CARD PAYMENT TO PUREGYM,PureGym,Fitness,,26.96,"4,850.09"
17/05/2021,CARD PAYMENT TO VIRGIN MEDIA,Virgin Media,Utilities,,19.04,"4,831.05"
18/05/2021,CARD PAYMENT TO UBER,Uber,Transport,,26.11,"4,804.94"
18/05/2021,CARD PAYMENT TO PRET,Pret,Food & Drink,,22.49,"4,782.45"
18/05/2021,CARD PAYMENT TO DISNEY PLUS,Disney Plus,Subscriptions,,3.07,"4,779.38"
22/05/2021,CARD PAYMENT TO DELIVEROO,Deliveroo,Food & Drink,,24.6,"4,754.78"
22/05/2021,CARD PAYMENT TO BP,BP,Transport,,36.7,"4,718.08"
23/05/2021,CARD PAYMENT TO DECATHLON,Decathlon,Fitness,,33.91,"4,684.17"
24/05/2021,CARD PAYMENT TO OCTOPUS ENERGY,Octopus Energy,Utilities,,33.82,"4,650.35"
24/05/2021,CARD PAYMENT TO DECATHLON,Decathlon,Fitness,,21.75,"4,628.60"
25/05/2021,CARD PAYMENT TO APPLE,Apple,Subscriptions,,8.22,"4,620.38"
26/05/2021,CARD PAYMENT TO TRAINLINE,Trainline,Transport,,47.12,"4,573.26"
29/05/2021,CARD PAYMENT TO IKEA,Ikea,Shopping,,47.52,"4,525.74"
31/05/2021,CARD PAYMENT TO DISNEY PLUS,Disney Plus,Subscriptions,,11.55,"4,514.19"
01/06/2021,SALARY PAYMENT ACME ENGINEERING LTD,Salary,Income,2557.02,,"7,071.21"
02/06/2021,DIRECT DEBIT TO LANDLORD RENT PAYMENT,Rent,Housing,,850,"6,221.21"
02/06/2021,CARD PAYMENT TO JD SPORTS,JD Sports,Shopping,,116.86,"6,104.35"
02/06/2021,CARD PAYMENT TO WATERSTONES,Waterstones,Recreation,,39.51,"6,064.84"
03/06/2021,DIRECT DEBIT TO UNITED UTILITIES,United Utilities,Utilities,,34.38,"6,030.46"
04/06/2021,CARD PAYMENT TO STEAM,Steam,Recreation,,19.15,"6,011.31"
05/06/2021,DIRECT DEBIT TO UNITED UTILITIES,United Utilities,Utilities,,34.9,"5,976.41"
05/06/2021,CARD PAYMENT TO PUREGYM,PureGym,Fitness,,54.49,"5,921.92"
05/06/2021,CARD PAYMENT TO PUREGYM,PureGym,Fitness,,49.2,"5,872.72"
07/06/2021,DIRECT DEBIT TO OCTOPUS ENERGY,Octopus Energy,Utilities,,59.27,"5,813.45"
07/06/2021,CARD PAYMENT TO VIRGIN MEDIA,Virgin Media,Utilities,,42.89,"5,770.56"
09/06/2021,CARD PAYMENT TO ALDI,Aldi,Groceries,,15.78,"5,754.78"
09/06/2021,CARD PAYMENT TO DECATHLON,Decathlon,Fitness,,44.55,"5,710.23"
10/06/2021,CARD PAYMENT TO DECATHLON,Decathlon,Fitness,,49.32,"5,660.91"
10/06/2021,CARD PAYMENT TO UBER EATS,Uber Eats,Food & Drink,,3.83,"5,657.08"
10/06/2021,CARD PAYMENT TO TRAINLINE,Trainline,Transport,,9.7,"5,647.38"
12/06/2021,CARD PAYMENT TO VIRGIN MEDIA,Virgin Media,Utilities,,30.45,"5,616.93"
12/06/2021,CARD PAYMENT TO SPOTIFY,Spotify,Subscriptions,,11.16,"5,605.77"
13/06/2021,CARD PAYMENT TO AMAZON,Amazon,Shopping,,140.4,"5,465.37"
14/06/2021,CARD PAYMENT TO UBER,Uber,Transport,,13.33,"5,452.04"
14/06/2021,CARD PAYMENT TO TRAINLINE,Trainline,Transport,,53.49,"5,398.55"
16/06/2021,CARD PAYMENT TO CINEWORLD,Cineworld,Recreation,,53.11,"5,345.44"
16/06/2021,CARD PAYMENT TO PRET,Pret,Food & Drink,,26.36,"5,319.08"
16/06/2021,CARD PAYMENT TO NANDOS,Nandos,Food & Drink,,24.92,"5,294.16"
18/06/2021,CARD PAYMENT TO PUREGYM,PureGym,Fitness,,56.97,"5,237.19"
19/06/2021,CARD PAYMENT TO SHELL,Shell,Transport,,37.64,"5,199.55"
21/06/2021,CARD PAYMENT TO IKEA,Ikea,Shopping,,62.74,"5,136.81"
22/06/2021,CARD PAYMENT TO STARBUCKS,Starbucks,Food & Drink,,28.99,"5,107.82"
23/06/2021,CARD PAYMENT TO MORRISONS,Morrisons,Groceries,,57.42,"5,050.40"
23/06/2021,CARD PAYMENT TO UNITED UTILITIES,United Utilities,Utilities,,43.97,"5,006.43"
23/06/2021,CARD PAYMENT TO BP,BP,Transport,,44.99,"4,961.44"
24/06/2021,CARD PAYMENT TO DECATHLON,Decathlon,Fitness,,28.53,"4,932.91"
25/06/2021,CARD PAYMENT TO DECATHLON,Decathlon,Fitness,,47.12,"4,885.79"
25/06/2021,CARD PAYMENT TO PRET,Pret,Food & Drink,,16.92,"4,868.87"
26/06/2021,CARD PAYMENT TO JD SPORTS,JD Sports,Shopping,,171.79,"4,697.08"
26/06/2021,CARD PAYMENT TO AMAZON,Amazon,Shopping,,158.37,"4,538.71"
28/06/2021,CARD PAYMENT TO AMAZON,Amazon,Shopping,,146.29,"4,392.42"
28/06/2021,CARD PAYMENT TO PUREGYM,PureGym,Fitness,,78.09,"4,314.33"
28/06/2021,CARD PAYMENT TO UBER,Uber,Transport,,21.96,"4,292.37"
29/06/2021,CARD PAYMENT TO CURRYS,Currys,Shopping,,108.41,"4,183.96"
29/06/2021,CARD PAYMENT TO DISNEY PLUS,Disney Plus,Subscriptions,,16.31,"4,167.65"
01/07/2021,SALARY PAYMENT ACME ENGINEERING LTD,Salary,Income,2418.38,,"6,586.03"
01/07/2021,CARD PAYMENT TO TESCO,Tesco,Groceries,,60.98,"6,525.05"
01/07/2021,CARD PAYMENT TO VIRGIN MEDIA,Virgin Media,Utilities,,25.54,"6,499.51"
01/07/2021,CARD PAYMENT TO PUREGYM,PureGym,Fitness,,79.74,"6,419.77"
02/07/2021,DIRECT DEBIT TO LANDLORD RENT PAYMENT,Rent,Housing,,850,"5,569.77"
02/07/2021,CARD PAYMENT TO STEAM,Steam,Recreation,,53.72,"5,516.05"
03/07/2021,DIRECT DEBIT TO VIRGIN MEDIA,Virgin Media,Utilities,,31.53,"5,484.52"
03/07/2021,CARD PAYMENT TO STEAM,Steam,Recreation,,28.59,"5,455.93"
03/07/2021,CARD PAYMENT TO OCTOPUS ENERGY,Octopus Energy,Utilities,,22.84,"5,433.09"
04/07/2021,CARD PAYMENT TO UBER,Uber,Transport,,42.09,"5,391.00"
04/07/2021,CARD PAYMENT TO COSTA COFFEE,Costa Coffee,Food & Drink,,8.76,"5,382.24"
05/07/2021,DIRECT DEBIT TO OCTOPUS ENERGY,Octopus Energy,Utilities,,34.29,"5,347.95"
06/07/2021,CARD PAYMENT TO TESCO,Tesco,Groceries,,47.65,"5,300.30"
06/07/2021,CARD PAYMENT TO NANDOS,Nandos,Food & Drink,,14.4,"5,285.90"
06/07/2021,CARD PAYMENT TO VIRGIN MEDIA,Virgin Media,Utilities,,8.19,"5,277.71"
07/07/2021,DIRECT DEBIT TO VIRGIN MEDIA,Virgin Media,Utilities,,31.25,"5,246.46"
09/07/2021,CARD PAYMENT TO IKEA,Ikea,Shopping,,37.63,"5,208.83"
09/07/2021,CARD PAYMENT TO UNITED UTILITIES,United Utilities,Utilities,,49.68,"5,159.15"
10/07/2021,CARD PAYMENT TO UBER EATS,Uber Eats,Food & Drink,,18.21,"5,140.94"
11/07/2021,CARD PAYMENT TO DISNEY PLUS,Disney Plus,Subscriptions,,13.56,"5,127.38"
12/07/2021,CARD PAYMENT TO DECATHLON,Decathlon,Fitness,,71.6,"5,055.78"
15/07/2021,CARD PAYMENT TO UBER EATS,Uber Eats,Food & Drink,,22.71,"5,033.07"
16/07/2021,CARD PAYMENT TO DECATHLON,Decathlon,Fitness,,67.46,"4,965.61"
16/07/2021,CARD PAYMENT TO TRAINLINE,Trainline,Transport,,41.52,"4,924.09"
18/07/2021,CARD PAYMENT TO ASDA,Asda,Groceries,,57.92,"4,866.17"
18/07/2021,CARD PAYMENT TO BP,BP,Transport,,46.89,"4,819.28"
19/07/2021,CARD PAYMENT TO SAINSBURYS,Sainsburys,Groceries,,36.21,"4,783.07"
19/07/2021,CARD PAYMENT TO STARBUCKS,Starbucks,Food & Drink,,16.49,"4,766.58"
22/07/2021,CARD PAYMENT TO CURRYS,Currys,Shopping,,78.83,"4,687.75"
23/07/2021,CARD PAYMENT TO CURRYS,Currys,Shopping,,140.85,"4,546.90"
23/07/2021,CARD PAYMENT TO COSTA COFFEE,Costa Coffee,Food & Drink,,18.86,"4,528.04"
23/07/2021,CARD PAYMENT TO MORRISONS,Morrisons,Groceries,,20.3,"4,507.74"
25/07/2021,CARD PAYMENT TO WATERSTONES,Waterstones,Recreation,,45.63,"4,462.11"
25/07/2021,CARD PAYMENT TO DECATHLON,Decathlon,Fitness,,62.11,"4,400.00"
27/07/2021,CARD PAYMENT TO STEAM,Steam,Recreation,,25.5,"4,374.50"
28/07/2021,CARD PAYMENT TO UNITED UTILITIES,United Utilities,Utilities,,19.7,"4,354.80"
30/07/2021,CARD PAYMENT TO PUREGYM,PureGym,Fitness,,23.47,"4,331.33"
30/07/2021,CARD PAYMENT TO PRET,Pret,Food & Drink,,6.13,"4,325.20"
01/08/2021,SALARY PAYMENT ACME ENGINEERING LTD,Salary,Income,2523.72,,"6,848.92"
01/08/2021,CARD PAYMENT TO COSTA COFFEE,Costa Coffee,Food & Drink,,22.11,"6,826.81"
02/08/2021,DIRECT DEBIT TO LANDLORD RENT PAYMENT,Rent,Housing,,850,"5,976.81"
03/08/2021,DIRECT DEBIT TO OCTOPUS ENERGY,Octopus Energy,Utilities,,59.75,"5,917.06"
04/08/2021,CARD PAYMENT TO VIRGIN MEDIA,Virgin Media,Utilities,,10.71,"5,906.35"
04/08/2021,CARD PAYMENT TO WATERSTONES,Waterstones,Recreation,,54.32,"5,852.03"
05/08/2021,DIRECT DEBIT TO OCTOPUS ENERGY,Octopus Energy,Utilities,,48.45,"5,803.58"
05/08/2021,CARD PAYMENT TO WATERSTONES,Waterstones,Recreation,,13.19,"5,790.39"
05/08/2021,CARD PAYMENT TO PRET,Pret,Food & Drink,,15.29,"5,775.10"
06/08/2021,CARD PAYMENT TO ALDI,Aldi,Groceries,,56.98,"5,718.12"
06/08/2021,CARD PAYMENT TO VIRGIN MEDIA,Virgin Media,Utilities,,12.08,"5,706.04"
07/08/2021,DIRECT DEBIT TO OCTOPUS ENERGY,Octopus Energy,Utilities,,87.6,"5,618.44"
12/08/2021,CARD PAYMENT TO ALDI,Aldi,Groceries,,28.75,"5,589.69"
13/08/2021,CARD PAYMENT TO OCTOPUS ENERGY,Octopus Energy,Utilities,,29.88,"5,559.81"
14/08/2021,CARD PAYMENT TO TRAINLINE,Trainline,Transport,,20.91,"5,538.90"
14/08/2021,CARD PAYMENT TO IKEA,Ikea,Shopping,,151.29,"5,387.61"
15/08/2021,CARD PAYMENT TO UBER EATS,Uber Eats,Food & Drink,,21.18,"5,366.43"
15/08/2021,CARD PAYMENT TO SAINSBURYS,Sainsburys,Groceries,,20.72,"5,345.71"
17/08/2021,CARD PAYMENT TO PRET,Pret,Food & Drink,,26.38,"5,319.33"
17/08/2021,CARD PAYMENT TO CINEWORLD,Cineworld,Recreation,,14.32,"5,305.01"
17/08/2021,CARD PAYMENT TO SPOTIFY,Spotify,Subscriptions,,7.9,"5,297.11"
18/08/2021,CARD PAYMENT TO WATERSTONES,Waterstones,Recreation,,41.14,"5,255.97"
19/08/2021,CARD PAYMENT TO JD SPORTS,JD Sports,Shopping,,179.63,"5,076.34"
19/08/2021,CARD PAYMENT TO BP,BP,Transport,,15.83,"5,060.51"
19/08/2021,CARD PAYMENT TO PUREGYM,PureGym,Fitness,,33.98,"5,026.53"
20/08/2021,CARD PAYMENT TO MORRISONS,Morrisons,Groceries,,8.08,"5,018.45"
20/08/2021,CARD PAYMENT TO DECATHLON,Decathlon,Fitness,,26.24,"4,992.21"
21/08/2021,CARD PAYMENT TO DECATHLON,Decathlon,Fitness,,77.67,"4,914.54"
22/08/2021,CARD PAYMENT TO STEAM,Steam,Recreation,,12.2,"4,902.34"
24/08/2021,CARD PAYMENT TO JD SPORTS,JD Sports,Shopping,,175.8,"4,726.54"
24/08/2021,CARD PAYMENT TO UBER EATS,Uber Eats,Food & Drink,,5.58,"4,720.96"
24/08/2021,CARD PAYMENT TO UNITED UTILITIES,United Utilities,Utilities,,41.9,"4,679.06"
27/08/2021,CARD PAYMENT TO OCTOPUS ENERGY,Octopus Energy,Utilities,,18.13,"4,660.93"
27/08/2021,CARD PAYMENT TO JD SPORTS,JD Sports,Shopping,,130.62,"4,530.31"
27/08/2021,CARD PAYMENT TO IKEA,Ikea,Shopping,,89.71,"4,440.60"
28/08/2021,CARD PAYMENT TO STARBUCKS,Starbucks,Food & Drink,,6.68,"4,433.92"
30/08/2021,CARD PAYMENT TO STARBUCKS,Starbucks,Food & Drink,,15.14,"4,418.78"
31/08/2021,CARD PAYMENT TO PUREGYM,PureGym,Fitness,,52.16,"4,366.62"
31/08/2021,CARD PAYMENT TO UBER,Uber,Transport,,24.03,"4,342.59"
01/09/2021,SALARY PAYMENT ACME ENGINEERING LTD,Salary,Income,2506,,"6,848.59"
02/09/2021,DIRECT DEBIT TO LANDLORD RENT PAYMENT,Rent,Housing,,850,"5,998.59"
03/09/2021,DIRECT DEBIT TO OCTOPUS ENERGY,Octopus Energy,Utilities,,81.53,"5,917.06"
03/09/2021,CARD PAYMENT TO SAINSBURYS,Sainsburys,Groceries,,55.65,"5,861.41"
04/09/2021,CARD PAYMENT TO OCTOPUS ENERGY,Octopus Energy,Utilities,,37,"5,824.41"
04/09/2021,CARD PAYMENT TO JD SPORTS,JD Sports,Shopping,,99.72,"5,724.69"
05/09/2021,DIRECT DEBIT TO UNITED UTILITIES,United Utilities,Utilities,,45.92,"5,678.77"
05/09/2021,CARD PAYMENT TO ALDI,Aldi,Groceries,,56.71,"5,622.06"
06/09/2021,CARD PAYMENT TO PRET,Pret,Food & Drink,,5.75,"5,616.31"
07/09/2021,DIRECT DEBIT TO OCTOPUS ENERGY,Octopus Energy,Utilities,,33.5,"5,582.81"
08/09/2021,CARD PAYMENT TO OCTOPUS ENERGY,Octopus Energy,Utilities,,42.07,"5,540.74"
09/09/2021,CARD PAYMENT TO UBER EATS,Uber Eats,Food & Drink,,18.83,"5,521.91"
09/09/2021,CARD PAYMENT TO COSTA COFFEE,Costa Coffee,Food & Drink,,29.92,"5,491.99"
10/09/2021,CARD PAYMENT TO NETFLIX,Netflix,Subscriptions,,3.47,"5,488.52"
11/09/2021,CARD PAYMENT TO COSTA COFFEE,Costa Coffee,Food & Drink,,28.44,"5,460.08"
11/09/2021,CARD PAYMENT TO SAINSBURYS,Sainsburys,Groceries,,60.68,"5,399.40"
12/09/2021,CARD PAYMENT TO DECATHLON,Decathlon,Fitness,,21.77,"5,377.63"
12/09/2021,CARD PAYMENT TO PUREGYM,PureGym,Fitness,,41.24,"5,336.39"
12/09/2021,CARD PAYMENT TO VIRGIN MEDIA,Virgin Media,Utilities,,17.59,"5,318.80"
13/09/2021,CARD PAYMENT TO LIDL,Lidl,Groceries,,43.29,"5,275.51"
14/09/2021,CARD PAYMENT TO CINEWORLD,Cineworld,Recreation,,30.6,"5,244.91"
15/09/2021,CARD PAYMENT TO TESCO,Tesco,Groceries,,23.95,"5,220.96"
15/09/2021,CARD PAYMENT TO VIRGIN MEDIA,Virgin Media,Utilities,,13.98,"5,206.98"
18/09/2021,CARD PAYMENT TO JD SPORTS,JD Sports,Shopping,,104.85,"5,102.13"
18/09/2021,CARD PAYMENT TO DISNEY PLUS,Disney Plus,Subscriptions,,16.6,"5,085.53"
19/09/2021,CARD PAYMENT TO DECATHLON,Decathlon,Fitness,,30.79,"5,054.74"
19/09/2021,CARD PAYMENT TO CURRYS,Currys,Shopping,,19.84,"5,034.90"
20/09/2021,CARD PAYMENT TO ALDI,Aldi,Groceries,,38.18,"4,996.72"
21/09/2021,CARD PAYMENT TO OCTOPUS ENERGY,Octopus Energy,Utilities,,16.15,"4,980.57"
22/09/2021,CARD PAYMENT TO WATERSTONES,Waterstones,Recreation,,50.81,"4,929.76"
25/09/2021,CARD PAYMENT TO CURRYS,Currys,Shopping,,44.06,"4,885.70"
25/09/2021,CARD PAYMENT TO IKEA,Ikea,Shopping,,165.81,"4,719.89"
29/09/2021,CARD PAYMENT TO DISNEY PLUS,Disney Plus,Subscriptions,,4.81,"4,715.08"
01/10/2021,SALARY PAYMENT ACME ENGINEERING LTD,Salary,Income,2436.1,,"7,151.18"
02/10/2021,DIRECT DEBIT TO LANDLORD RENT PAYMENT,Rent,Housing,,850,"6,301.18"
02/10/2021,CARD PAYMENT TO LIDL,Lidl,Groceries,,35.25,"6,265.93"
03/10/2021,DIRECT DEBIT TO VIRGIN MEDIA,Virgin Media,Utilities,,89.25,"6,176.68"
03/10/2021,CARD PAYMENT TO VIRGIN MEDIA,Virgin Media,Utilities,,37.26,"6,139.42"
04/10/2021,CARD PAYMENT TO TESCO,Tesco,Groceries,,16.42,"6,123.00"
04/10/2021,CARD PAYMENT TO OCTOPUS ENERGY,Octopus Energy,Utilities,,43.09,"6,079.91"
05/10/2021,DIRECT DEBIT TO VIRGIN MEDIA,Virgin Media,Utilities,,92.24,"5,987.67"
05/10/2021,CARD PAYMENT TO PUREGYM,PureGym,Fitness,,40.19,"5,947.48"
05/10/2021,CARD PAYMENT TO CURRYS,Currys,Shopping,,176.02,"5,771.46"
06/10/2021,CARD PAYMENT TO DISNEY PLUS,Disney Plus,Subscriptions,,4.79,"5,766.67"
07/10/2021,DIRECT DEBIT TO VIRGIN MEDIA,Virgin Media,Utilities,,40.63,"5,726.04"
07/10/2021,CARD PAYMENT TO DECATHLON,Decathlon,Fitness,,64.04,"5,662.00"
08/10/2021,CARD PAYMENT TO OCTOPUS ENERGY,Octopus Energy,Utilities,,37.8,"5,624.20"
09/10/2021,CARD PAYMENT TO SAINSBURYS,Sainsburys,Groceries,,42.34,"5,581.86"
12/10/2021,CARD PAYMENT TO VIRGIN MEDIA,Virgin Media,Utilities,,38.54,"5,543.32"
12/10/2021,CARD PAYMENT TO TRAINLINE,Trainline,Transport,,59.08,"5,484.24"
12/10/2021,CARD PAYMENT TO UNITED UTILITIES,United Utilities,Utilities,,44.84,"5,439.40"
14/10/2021,CARD PAYMENT TO SPOTIFY,Spotify,Subscriptions,,6.24,"5,433.16"
14/10/2021,CARD PAYMENT TO SHELL,Shell,Transport,,26.23,"5,406.93"
18/10/2021,CARD PAYMENT TO APPLE,Apple,Subscriptions,,17.51,"5,389.42"
18/10/2021,CARD PAYMENT TO DECATHLON,Decathlon,Fitness,,72.91,"5,316.51"
18/10/2021,CARD PAYMENT TO JD SPORTS,JD Sports,Shopping,,31.74,"5,284.77"
19/10/2021,CARD PAYMENT TO BP,BP,Transport,,31.47,"5,253.30"
19/10/2021,CARD PAYMENT TO MORRISONS,Morrisons,Groceries,,9.14,"5,244.16"
20/10/2021,CARD PAYMENT TO COSTA COFFEE,Costa Coffee,Food & Drink,,12.23,"5,231.93"
20/10/2021,CARD PAYMENT TO PUREGYM,PureGym,Fitness,,63.92,"5,168.01"
23/10/2021,CARD PAYMENT TO ALDI,Aldi,Groceries,,61.72,"5,106.29"
23/10/2021,CARD PAYMENT TO UNITED UTILITIES,United Utilities,Utilities,,45.04,"5,061.25"
23/10/2021,CARD PAYMENT TO OCTOPUS ENERGY,Octopus Energy,Utilities,,9.56,"5,051.69"
24/10/2021,CARD PAYMENT TO UBER,Uber,Transport,,44.25,"5,007.44"
25/10/2021,CARD PAYMENT TO CINEWORLD,Cineworld,Recreation,,21.88,"4,985.56"
25/10/2021,CARD PAYMENT TO ALDI,Aldi,Groceries,,40.59,"4,944.97"
26/10/2021,CARD PAYMENT TO OCTOPUS ENERGY,Octopus Energy,Utilities,,21.24,"4,923.73"
26/10/2021,CARD PAYMENT TO PUREGYM,PureGym,Fitness,,37.67,"4,886.06"
27/10/2021,CARD PAYMENT TO SHELL,Shell,Transport,,9.34,"4,876.72"
27/10/2021,CARD PAYMENT TO UNITED UTILITIES,United Utilities,Utilities,,18.13,"4,858.59"
27/10/2021,CARD PAYMENT TO PRET,Pret,Food & Drink,,25.78,"4,832.81"
28/10/2021,CARD PAYMENT TO DECATHLON,Decathlon,Fitness,,49.35,"4,783.46"
28/10/2021,CARD PAYMENT TO STEAM,Steam,Recreation,,42.09,"4,741.37"
29/10/2021,CARD PAYMENT TO VIRGIN MEDIA,Virgin Media,Utilities,,44.85,"4,696.52"
29/10/2021,CARD PAYMENT TO CURRYS,Currys,Shopping,,88.55,"4,607.97"
29/10/2021,CARD PAYMENT TO CINEWORLD,Cineworld,Recreation,,33.25,"4,574.72"
30/10/2021,CARD PAYMENT TO WATERSTONES,Waterstones,Recreation,,13.08,"4,561.64"
01/11/2021,SALARY PAYMENT ACME ENGINEERING LTD,Salary,Income,2434.28,,"6,995.92"
01/11/2021,CARD PAYMENT TO PUREGYM,PureGym,Fitness,,53.22,"6,942.70"
02/11/2021,DIRECT DEBIT TO LANDLORD RENT PAYMENT,Rent,Housing,,850,"6,092.70"
02/11/2021,CARD PAYMENT TO DECATHLON,Decathlon,Fitness,,54.36,"6,038.34"
02/11/2021,CARD PAYMENT TO UBER,Uber,Transport,,23.54,"6,014.80"
03/11/2021,DIRECT DEBIT TO VIRGIN MEDIA,Virgin Media,Utilities,,88.19,"5,926.61"
04/11/2021,CARD PAYMENT TO NANDOS,Nandos,Food & Drink,,15.12,"5,911.49"
05/11/2021,DIRECT DEBIT TO OCTOPUS ENERGY,Octopus Energy,Utilities,,93.05,"5,818.44"
05/11/2021,CARD PAYMENT TO OCTOPUS ENERGY,Octopus Energy,Utilities,,24.05,"5,794.39"
06/11/2021,CARD PAYMENT TO BP,BP,Transport,,51.37,"5,743.02"
06/11/2021,CARD PAYMENT TO CINEWORLD,Cineworld,Recreation,,55.54,"5,687.48"
06/11/2021,CARD PAYMENT TO COSTA COFFEE,Costa Coffee,Food & Drink,,13.48,"5,674.00"
07/11/2021,DIRECT DEBIT TO VIRGIN MEDIA,Virgin Media,Utilities,,63.64,"5,610.36"
07/11/2021,CARD PAYMENT TO SPOTIFY,Spotify,Subscriptions,,14.58,"5,595.78"
08/11/2021,CARD PAYMENT TO PRET,Pret,Food & Drink,,7.04,"5,588.74"
12/11/2021,CARD PAYMENT TO JD SPORTS,JD Sports,Shopping,,58.58,"5,530.16"
13/11/2021,CARD PAYMENT TO SPOTIFY,Spotify,Subscriptions,,4.76,"5,525.40"
14/11/2021,CARD PAYMENT TO UNITED UTILITIES,United Utilities,Utilities,,32.39,"5,493.01"
14/11/2021,CARD PAYMENT TO PUREGYM,PureGym,Fitness,,43.75,"5,449.26"
14/11/2021,CARD PAYMENT TO CURRYS,Currys,Shopping,,23.13,"5,426.13"
15/11/2021,CARD PAYMENT TO CINEWORLD,Cineworld,Recreation,,11.01,"5,415.12"
15/11/2021,CARD PAYMENT TO CINEWORLD,Cineworld,Recreation,,24.02,"5,391.10"
15/11/2021,CARD PAYMENT TO SPOTIFY,Spotify,Subscriptions,,17.56,"5,373.54"
16/11/2021,CARD PAYMENT TO VIRGIN MEDIA,Virgin Media,Utilities,,48.84,"5,324.70"
17/11/2021,CARD PAYMENT TO IKEA,Ikea,Shopping,,135.25,"5,189.45"
17/11/2021,CARD PAYMENT TO STARBUCKS,Starbucks,Food & Drink,,14.93,"5,174.52"
18/11/2021,CARD PAYMENT TO DISNEY PLUS,Disney Plus,Subscriptions,,15.14,"5,159.38"
18/11/2021,CARD PAYMENT TO OCTOPUS ENERGY,Octopus Energy,Utilities,,19,"5,140.38"
19/11/2021,CARD PAYMENT TO UNITED UTILITIES,United Utilities,Utilities,,44.57,"5,095.81"
19/11/2021,CARD PAYMENT TO SAINSBURYS,Sainsburys,Groceries,,18.99,"5,076.82"
19/11/2021,CARD PAYMENT TO SHELL,Shell,Transport,,20.97,"5,055.85"
20/11/2021,CARD PAYMENT TO MORRISONS,Morrisons,Groceries,,48.16,"5,007.69"
20/11/2021,CARD PAYMENT TO CINEWORLD,Cineworld,Recreation,,51.18,"4,956.51"
21/11/2021,CARD PAYMENT TO DELIVEROO,Deliveroo,Food & Drink,,3.83,"4,952.68"
21/11/2021,CARD PAYMENT TO JD SPORTS,JD Sports,Shopping,,113.02,"4,839.66"
21/11/2021,CARD PAYMENT TO VIRGIN MEDIA,Virgin Media,Utilities,,31.41,"4,808.25"
22/11/2021,CARD PAYMENT TO CURRYS,Currys,Shopping,,153.21,"4,655.04"
22/11/2021,CARD PAYMENT TO WATERSTONES,Waterstones,Recreation,,51.54,"4,603.50"
24/11/2021,CARD PAYMENT TO ALDI,Aldi,Groceries,,10.83,"4,592.67"
25/11/2021,CARD PAYMENT TO BP,BP,Transport,,43.24,"4,549.43"
26/11/2021,CARD PAYMENT TO PUREGYM,PureGym,Fitness,,71.88,"4,477.55"
26/11/2021,CARD PAYMENT TO ALDI,Aldi,Groceries,,59.96,"4,417.59"
29/11/2021,CARD PAYMENT TO WATERSTONES,Waterstones,Recreation,,50.25,"4,367.34"
30/11/2021,CARD PAYMENT TO CINEWORLD,Cineworld,Recreation,,54.77,"4,312.57"
30/11/2021,CARD PAYMENT TO JD SPORTS,JD Sports,Shopping,,56.58,"4,255.99"
01/12/2021,SALARY PAYMENT ACME ENGINEERING LTD,Salary,Income,2586.68,,"6,842.67"
01/12/2021,CARD PAYMENT TO COSTA COFFEE,Costa Coffee,Food & Drink,,16.81,"6,825.86"
01/12/2021,CARD PAYMENT TO IKEA,Ikea,Shopping,,64.25,"6,761.61"
02/12/2021,DIRECT DEBIT TO LANDLORD RENT PAYMENT,Rent,Housing,,850,"5,911.61"
03/12/2021,DIRECT DEBIT TO VIRGIN MEDIA,Virgin Media,Utilities,,29.47,"5,882.14"
03/12/2021,CARD PAYMENT TO IKEA,Ikea,Shopping,,58.09,"5,824.05"
03/12/2021,CARD PAYMENT TO STEAM,Steam,Recreation,,17.5,"5,806.55"
04/12/2021,CARD PAYMENT TO LIDL,Lidl,Groceries,,31.03,"5,775.52"
05/12/2021,DIRECT DEBIT TO VIRGIN MEDIA,Virgin Media,Utilities,,72.65,"5,702.87"
06/12/2021,CARD PAYMENT TO CINEWORLD,Cineworld,Recreation,,55.35,"5,647.52"
06/12/2021,CARD PAYMENT TO DECATHLON,Decathlon,Fitness,,64.2,"5,583.32"
07/12/2021,DIRECT DEBIT TO UNITED UTILITIES,United Utilities,Utilities,,94.63,"5,488.69"
07/12/2021,CARD PAYMENT TO CURRYS,Currys,Shopping,,128.24,"5,360.45"
08/12/2021,CARD PAYMENT TO IKEA,Ikea,Shopping,,154.49,"5,205.96"
08/12/2021,CARD PAYMENT TO VIRGIN MEDIA,Virgin Media,Utilities,,9.39,"5,196.57"
09/12/2021,CARD PAYMENT TO WATERSTONES,Waterstones,Recreation,,50.42,"5,146.15"
10/12/2021,CARD PAYMENT TO AMAZON,Amazon,Shopping,,51.67,"5,094.48"
11/12/2021,CARD PAYMENT TO CINEWORLD,Cineworld,Recreation,,49.4,"5,045.08"
12/12/2021,CARD PAYMENT TO IKEA,Ikea,Shopping,,111.62,"4,933.46"
12/12/2021,CARD PAYMENT TO SPOTIFY,Spotify,Subscriptions,,9.53,"4,923.93"
14/12/2021,CARD PAYMENT TO SHELL,Shell,Transport,,53.11,"4,870.82"
14/12/2021,CARD PAYMENT TO DECATHLON,Decathlon,Fitness,,44.79,"4,826.03"
14/12/2021,CARD PAYMENT TO OCTOPUS ENERGY,Octopus Energy,Utilities,,49.66,"4,776.37"
15/12/2021,CARD PAYMENT TO DECATHLON,Decathlon,Fitness,,28.59,"4,747.78"
15/12/2021,CARD PAYMENT TO OCTOPUS ENERGY,Octopus Energy,Utilities,,26.94,"4,720.84"
16/12/2021,CARD PAYMENT TO AMAZON,Amazon,Shopping,,15.78,"4,705.06"
17/12/2021,CARD PAYMENT TO BP,BP,Transport,,37.97,"4,667.09"
17/12/2021,CARD PAYMENT TO VIRGIN MEDIA,Virgin Media,Utilities,,40.33,"4,626.76"
20/12/2021,CARD PAYMENT TO DECATHLON,Decathlon,Fitness,,45.74,"4,581.02"
20/12/2021,CARD PAYMENT TO APPLE,Apple,Subscriptions,,2.07,"4,578.95"
21/12/2021,CARD PAYMENT TO AMAZON,Amazon,Shopping,,162.18,"4,416.77"
22/12/2021,CARD PAYMENT TO ASDA,Asda,Groceries,,8.24,"4,408.53"
23/12/2021,CARD PAYMENT TO TRAINLINE,Trainline,Transport,,24.23,"4,384.30"
25/12/2021,CARD PAYMENT TO STEAM,Steam,Recreation,,13.26,"4,371.04"
27/12/2021,CARD PAYMENT TO CINEWORLD,Cineworld,Recreation,,46.39,"4,324.65"
28/12/2021,CARD PAYMENT TO PUREGYM,PureGym,Fitness,,40.56,"4,284.09"
28/12/2021,CARD PAYMENT TO DISNEY PLUS,Disney Plus,Subscriptions,,14,"4,270.09"
29/12/2021,CARD PAYMENT TO PUREGYM,PureGym,Fitness,,33.71,"4,236.38"
30/12/2021,CARD PAYMENT TO SHELL,Shell,Transport,,38.66,"4,197.72"
31/12/2021,CARD PAYMENT TO GREGGS,Greggs,Food & Drink,,22.2,"4,175.52"
01/01/2022,SALARY PAYMENT ACME ENGINEERING LTD,Salary,Income,2716.85,,"6,892.37"
01/01/2022,CARD PAYMENT TO WATERSTONES,Waterstones,Recreation,,41.16,"6,851.21"
01/01/2022,CARD PAYMENT TO ASDA,Asda,Groceries,,14.16,"6,837.05"
02/01/2022,DIRECT DEBIT TO LANDLORD RENT PAYMENT,Rent,Housing,,850,"5,987.05"
03/01/2022,DIRECT DEBIT TO OCTOPUS ENERGY,Octopus Energy,Utilities,,73.28,"5,913.77"
03/01/2022,CARD PAYMENT TO APPLE,Apple,Subscriptions,,3.98,"5,909.79"
03/01/2022,CARD PAYMENT TO CINEWORLD,Cineworld,Recreation,,45.09,"5,864.70"
03/01/2022,CARD PAYMENT TO SHELL,Shell,Transport,,23.66,"5,841.04"
05/01/2022,DIRECT DEBIT TO UNITED UTILITIES,United Utilities,Utilities,,61.42,"5,779.62"
05/01/2022,CARD PAYMENT TO PUREGYM,PureGym,Fitness,,50.7,"5,728.92"
07/01/2022,DIRECT DEBIT TO VIRGIN MEDIA,Virgin Media,Utilities,,32.98,"5,695.94"
08/01/2022,CARD PAYMENT TO BP,BP,Transport,,48.45,"5,647.49"
08/01/2022,CARD PAYMENT TO TRAINLINE,Trainline,Transport,,44.58,"5,602.91"
09/01/2022,CARD PAYMENT TO OCTOPUS ENERGY,Octopus Energy,Utilities,,29.67,"5,573.24"
09/01/2022,CARD PAYMENT TO UBER,Uber,Transport,,25.19,"5,548.05"
14/01/2022,CARD PAYMENT TO OCTOPUS ENERGY,Octopus Energy,Utilities,,40.08,"5,507.97"
14/01/2022,CARD PAYMENT TO DELIVEROO,Deliveroo,Food & Drink,,22.54,"5,485.43"
14/01/2022,CARD PAYMENT TO WATERSTONES,Waterstones,Recreation,,21.56,"5,463.87"
15/01/2022,CARD PAYMENT TO CINEWORLD,Cineworld,Recreation,,12.5,"5,451.37"
15/01/2022,CARD PAYMENT TO OCTOPUS ENERGY,Octopus Energy,Utilities,,43.35,"5,408.02"
16/01/2022,CARD PAYMENT TO JD SPORTS,JD Sports,Shopping,,136.86,"5,271.16"
16/01/2022,CARD PAYMENT TO NANDOS,Nandos,Food & Drink,,23.47,"5,247.69"
19/01/2022,CARD PAYMENT TO VIRGIN MEDIA,Virgin Media,Utilities,,21.09,"5,226.60"
20/01/2022,CARD PAYMENT TO WATERSTONES,Waterstones,Recreation,,14.65,"5,211.95"
20/01/2022,CARD PAYMENT TO CURRYS,Currys,Shopping,,33.78,"5,178.17"
21/01/2022,CARD PAYMENT TO DISNEY PLUS,Disney Plus,Subscriptions,,15.37,"5,162.80"
21/01/2022,CARD PAYMENT TO APPLE,Apple,Subscriptions,,12.38,"5,150.42"
21/01/2022,CARD PAYMENT TO OCTOPUS ENERGY,Octopus Energy,Utilities,,10.96,"5,139.46"
23/01/2022,CARD PAYMENT TO PRET,Pret,Food & Drink,,27.6,"5,111.86"
24/01/2022,CARD PAYMENT TO NETFLIX,Netflix,Subscriptions,,11.78,"5,100.08"
24/01/2022,CARD PAYMENT TO AMAZON,Amazon,Shopping,,157.33,"4,942.75"
25/01/2022,CARD PAYMENT TO APPLE,Apple,Subscriptions,,3.81,"4,938.94"
26/01/2022,CARD PAYMENT TO SPOTIFY,Spotify,Subscriptions,,3.01,"4,935.93"
26/01/2022,CARD PAYMENT TO AMAZON,Amazon,Shopping,,131.25,"4,804.68"
27/01/2022,CARD PAYMENT TO AMAZON,Amazon,Shopping,,86.42,"4,718.26"
28/01/2022,CARD PAYMENT TO DISNEY PLUS,Disney Plus,Subscriptions,,12.62,"4,705.64"
29/01/2022,CARD PAYMENT TO UNITED UTILITIES,United Utilities,Utilities,,45.14,"4,660.50"
29/01/2022,CARD PAYMENT TO TESCO,Tesco,Groceries,,44.67,"4,615.83"
31/01/2022,CARD PAYMENT TO NETFLIX,Netflix,Subscriptions,,3.2,"4,612.63"
31/01/2022,CARD PAYMENT TO DISNEY PLUS,Disney Plus,Subscriptions,,5.85,"4,606.78"
31/01/2022,CARD PAYMENT TO STEAM,Steam,Recreation,,35.35,"4,571.43"
01/02/2022,SALARY PAYMENT ACME ENGINEERING LTD,Salary,Income,2620.2,,"7,191.63"
01/02/2022,CARD PAYMENT TO PUREGYM,PureGym,Fitness,,24.73,"7,166.90"
01/02/2022,CARD PAYMENT TO APPLE,Apple,Subscriptions,,3.41,"7,163.49"
01/02/2022,CARD PAYMENT TO APPLE,Apple,Subscriptions,,7.06,"7,156.43"
02/02/2022,DIRECT DEBIT TO LANDLORD RENT PAYMENT,Rent,Housing,,850,"6,306.43"
02/02/2022,CARD PAYMENT TO TESCO,Tesco,Groceries,,31,"6,275.43"
02/02/2022,CARD PAYMENT TO LIDL,Lidl,Groceries,,39.3,"6,236.13"
02/02/2022,CARD PAYMENT TO NANDOS,Nandos,Food & Drink,,19.31,"6,216.82"
03/02/2022,DIRECT DEBIT TO UNITED UTILITIES,United Utilities,Utilities,,69.63,"6,147.19"
03/02/2022,CARD PAYMENT TO DISNEY PLUS,Disney Plus,Subscriptions,,7.81,"6,139.38"
05/02/2022,DIRECT DEBIT TO OCTOPUS ENERGY,Octopus Energy,Utilities,,84.1,"6,055.28"
06/02/2022,CARD PAYMENT TO JD SPORTS,JD Sports,Shopping,,33.81,"6,021.47"
06/02/2022,CARD PAYMENT TO SHELL,Shell,Transport,,25.75,"5,995.72"
06/02/2022,CARD PAYMENT TO WATERSTONES,Waterstones,Recreation,,36.1,"5,959.62"
07/02/2022,DIRECT DEBIT TO UNITED UTILITIES,United Utilities,Utilities,,32.44,"5,927.18"
07/02/2022,CARD PAYMENT TO NETFLIX,Netflix,Subscriptions,,15.15,"5,912.03"
08/02/2022,CARD PAYMENT TO GREGGS,Greggs,Food & Drink,,19.49,"5,892.54"
08/02/2022,CARD PAYMENT TO SHELL,Shell,Transport,,56.37,"5,836.17"
08/02/2022,CARD PAYMENT TO PUREGYM,PureGym,Fitness,,47.42,"5,788.75"
09/02/2022,CARD PAYMENT TO AMAZON,Amazon,Shopping,,139.93,"5,648.82"
12/02/2022,CARD PAYMENT TO NETFLIX,Netflix,Subscriptions,,17.42,"5,631.40"
12/02/2022,CARD PAYMENT TO LIDL,Lidl,Groceries,,49.96,"5,581.44"
13/02/2022,CARD PAYMENT TO NETFLIX,Netflix,Subscriptions,,13.07,"5,568.37"
13/02/2022,CARD PAYMENT TO UNITED UTILITIES,United Utilities,Utilities,,41.69,"5,526.68"
15/02/2022,CARD PAYMENT TO JD SPORTS,JD Sports,Shopping,,84.08,"5,442.60"
16/02/2022,CARD PAYMENT TO CINEWORLD,Cineworld,Recreation,,58.18,"5,384.42"
17/02/2022,CARD PAYMENT TO NETFLIX,Netflix,Subscriptions,,4.21,"5,380.21"
18/02/2022,CARD PAYMENT TO CURRYS,Currys,Shopping,,48.15,"5,332.06"
19/02/2022,CARD PAYMENT TO CURRYS,Currys,Shopping,,176.92,"5,155.14"
19/02/2022,CARD PAYMENT TO UNITED UTILITIES,United Utilities,Utilities,,29.41,"5,125.73"
20/02/2022,CARD PAYMENT TO NANDOS,Nandos,Food & Drink,,12.51,"5,113.22"
20/02/2022,CARD PAYMENT TO APPLE,Apple,Subscriptions,,12.79,"5,100.43"
21/02/2022,CARD PAYMENT TO PUREGYM,PureGym,Fitness,,51.36,"5,049.07"
21/02/2022,CARD PAYMENT TO ALDI,Aldi,Groceries,,16.28,"5,032.79"
23/02/2022,CARD PAYMENT TO STEAM,Steam,Recreation,,59.18,"4,973.61"
24/02/2022,CARD PAYMENT TO OCTOPUS ENERGY,Octopus Energy,Utilities,,36.08,"4,937.53"
24/02/2022,CARD PAYMENT TO STEAM,Steam,Recreation,,47.68,"4,889.85"
26/02/2022,CARD PAYMENT TO SPOTIFY,Spotify,Subscriptions,,11.86,"4,877.99"
28/02/2022,CARD PAYMENT TO TRAINLINE,Trainline,Transport,,44.03,"4,833.96"
28/02/2022,CARD PAYMENT TO ALDI,Aldi,Groceries,,30.09,"4,803.87"
28/02/2022,CARD PAYMENT TO AMAZON,Amazon,Shopping,,17.14,"4,786.73"
01/03/2022,SALARY PAYMENT ACME ENGINEERING LTD,Salary,Income,2500.54,,"7,287.27"
01/03/2022,CARD PAYMENT TO TRAINLINE,Trainline,Transport,,47.27,"7,240.00"
02/03/2022,DIRECT DEBIT TO LANDLORD RENT PAYMENT,Rent,Housing,,850,"6,390.00"
02/03/2022,CARD PAYMENT TO TRAINLINE,Trainline,Transport,,31.34,"6,358.66"
03/03/2022,DIRECT DEBIT TO UNITED UTILITIES,United Utilities,Utilities,,30.21,"6,328.45"
05/03/2022,DIRECT DEBIT TO VIRGIN MEDIA,Virgin Media,Utilities,,27.84,"6,300.61"
05/03/2022,CARD PAYMENT TO STEAM,Steam,Recreation,,18.05,"6,282.56"
06/03/2022,CARD PAYMENT TO MORRISONS,Morrisons,Groceries,,34.58,"6,247.98"
06/03/2022,CARD PAYMENT TO OCTOPUS ENERGY,Octopus Energy,Utilities,,11.92,"6,236.06"
07/03/2022,DIRECT DEBIT TO VIRGIN MEDIA,Virgin Media,Utilities,,66.78,"6,169.28"
07/03/2022,CARD PAYMENT TO DISNEY PLUS,Disney Plus,Subscriptions,,3.17,"6,166.11"
07/03/2022,CARD PAYMENT TO CURRYS,Currys,Shopping,,172.9,"5,993.21"
09/03/2022,CARD PAYMENT TO DECATHLON,Decathlon,Fitness,,25.52,"5,967.69"
10/03/2022,CARD PAYMENT TO TRAINLINE,Trainline,Transport,,25.22,"5,942.47"
11/03/2022,CARD PAYMENT TO UBER,Uber,Transport,,59.82,"5,882.65"
11/03/2022,CARD PAYMENT TO TESCO,Tesco,Groceries,,46.13,"5,836.52"
12/03/2022,CARD PAYMENT TO BP,BP,Transport,,57.86,"5,778.66"
12/03/2022,CARD PAYMENT TO JD SPORTS,JD Sports,Shopping,,166.13,"5,612.53"
12/03/2022,CARD PAYMENT TO PRET,Pret,Food & Drink,,9.93,"5,602.60"
13/03/2022,CARD PAYMENT TO LIDL,Lidl,Groceries,,54.86,"5,547.74"
13/03/2022,CARD PAYMENT TO JD SPORTS,JD Sports,Shopping,,95.32,"5,452.42"
14/03/2022,CARD PAYMENT TO TRAINLINE,Trainline,Transport,,34.72,"5,417.70"
14/03/2022,CARD PAYMENT TO STARBUCKS,Starbucks,Food & Drink,,29.23,"5,388.47"
17/03/2022,CARD PAYMENT TO UBER,Uber,Transport,,51.45,"5,337.02"
19/03/2022,CARD PAYMENT TO DELIVEROO,Deliveroo,Food & Drink,,21.52,"5,315.50"
19/03/2022,CARD PAYMENT TO ALDI,Aldi,Groceries,,48.86,"5,266.64"
19/03/2022,CARD PAYMENT TO TESCO,Tesco,Groceries,,12.18,"5,254.46"
20/03/2022,CARD PAYMENT TO WATERSTONES,Waterstones,Recreation,,13.52,"5,240.94"
21/03/2022,CARD PAYMENT TO CINEWORLD,Cineworld,Recreation,,29.4,"5,211.54"
22/03/2022,CARD PAYMENT TO DECATHLON,Decathlon,Fitness,,21.01,"5,190.53"
22/03/2022,CARD PAYMENT TO UBER EATS,Uber Eats,Food & Drink,,3.16,"5,187.37"
26/03/2022,CARD PAYMENT TO GREGGS,Greggs,Food & Drink,,24.25,"5,163.12"
27/03/2022,CARD PAYMENT TO GREGGS,Greggs,Food & Drink,,23.66,"5,139.46"
28/03/2022,CARD PAYMENT TO DECATHLON,Decathlon,Fitness,,69.33,"5,070.13"
28/03/2022,CARD PAYMENT TO ALDI,Aldi,Groceries,,16.91,"5,053.22"
28/03/2022,CARD PAYMENT TO BP,BP,Transport,,46.83,"5,006.39"
29/03/2022,CARD PAYMENT TO VIRGIN MEDIA,Virgin Media,Utilities,,35.48,"4,970.91"
29/03/2022,CARD PAYMENT TO AMAZON,Amazon,Shopping,,106.33,"4,864.58"
30/03/2022,CARD PAYMENT TO COSTA COFFEE,Costa Coffee,Food & Drink,,3.14,"4,861.44"
31/03/2022,CARD PAYMENT TO GREGGS,Greggs,Food & Drink,,8.67,"4,852.77"
01/04/2022,SALARY PAYMENT ACME ENGINEERING LTD,Salary,Income,2696.57,,"7,549.34"
01/04/2022,CARD PAYMENT TO UBER,Uber,Transport,,55.09,"7,494.25"
02/04/2022,DIRECT DEBIT TO LANDLORD RENT PAYMENT,Rent,Housing,,850,"6,644.25"
02/04/2022,CARD PAYMENT TO OCTOPUS ENERGY,Octopus Energy,Utilities,,14.94,"6,629.31"
03/04/2022,DIRECT DEBIT TO VIRGIN MEDIA,Virgin Media,Utilities,,38.6,"6,590.71"
05/04/2022,DIRECT DEBIT TO UNITED UTILITIES,United Utilities,Utilities,,57.29,"6,533.42"
06/04/2022,CARD PAYMENT TO GREGGS,Greggs,Food & Drink,,5.65,"6,527.77"
07/04/2022,DIRECT DEBIT TO VIRGIN MEDIA,Virgin Media,Utilities,,91.61,"6,436.16"
07/04/2022,CARD PAYMENT TO UNITED UTILITIES,United Utilities,Utilities,,34.5,"6,401.66"
07/04/2022,CARD PAYMENT TO GREGGS,Greggs,Food & Drink,,19.73,"6,381.93"
08/04/2022,CARD PAYMENT TO JD SPORTS,JD Sports,Shopping,,89.36,"6,292.57"
09/04/2022,CARD PAYMENT TO UNITED UTILITIES,United Utilities,Utilities,,30.51,"6,262.06"
10/04/2022,CARD PAYMENT TO PUREGYM,PureGym,Fitness,,20.29,"6,241.77"
10/04/2022,CARD PAYMENT TO BP,BP,Transport,,45.03,"6,196.74"
11/04/2022,CARD PAYMENT TO CINEWORLD,Cineworld,Recreation,,16.72,"6,180.02"
11/04/2022,CARD PAYMENT TO JD SPORTS,JD Sports,Shopping,,91.37,"6,088.65"
11/04/2022,CARD PAYMENT TO IKEA,Ikea,Shopping,,95.35,"5,993.30"
15/04/2022,CARD PAYMENT TO UNITED UTILITIES,United Utilities,Utilities,,13.84,"5,979.46"
15/04/2022,CARD PAYMENT TO DELIVEROO,Deliveroo,Food & Drink,,5.04,"5,974.42"
18/04/2022,CARD PAYMENT TO SHELL,Shell,Transport,,36.68,"5,937.74"
19/04/2022,CARD PAYMENT TO VIRGIN MEDIA,Virgin Media,Utilities,,22.66,"5,915.08"
19/04/2022,CARD PAYMENT TO STEAM,Steam,Recreation,,33.24,"5,881.84"
21/04/2022,CARD PAYMENT TO AMAZON,Amazon,Shopping,,124.34,"5,757.50"
21/04/2022,CARD PAYMENT TO UNITED UTILITIES,United Utilities,Utilities,,11.32,"5,746.18"
22/04/2022,CARD PAYMENT TO UNITED UTILITIES,United Utilities,Utilities,,47.69,"5,698.49"
23/04/2022,CARD PAYMENT TO DISNEY PLUS,Disney Plus,Subscriptions,,2.65,"5,695.84"
24/04/2022,CARD PAYMENT TO SHELL,Shell,Transport,,21.75,"5,674.09"
24/04/2022,CARD PAYMENT TO SHELL,Shell,Transport,,42.77,"5,631.32"
25/04/2022,CARD PAYMENT TO DECATHLON,Decathlon,Fitness,,75.07,"5,556.25"
25/04/2022,CARD PAYMENT TO TESCO,Tesco,Groceries,,63.89,"5,492.36"
26/04/2022,CARD PAYMENT TO DELIVEROO,Deliveroo,Food & Drink,,29.15,"5,463.21"
26/04/2022,CARD PAYMENT TO WATERSTONES,Waterstones,Recreation,,23.17,"5,440.04"
27/04/2022,CARD PAYMENT TO DECATHLON,Decathlon,Fitness,,41.92,"5,398.12"
29/04/2022,CARD PAYMENT TO PUREGYM,PureGym,Fitness,,50.98,"5,347.14"
29/04/2022,CARD PAYMENT TO IKEA,Ikea,Shopping,,95.33,"5,251.81"
30/04/2022,CARD PAYMENT TO LIDL,Lidl,Groceries,,58.28,"5,193.53"
30/04/2022,CARD PAYMENT TO NETFLIX,Netflix,Subscriptions,,5.68,"5,187.85"
01/05/2022,SALARY PAYMENT ACME ENGINEERING LTD,Salary,Income,2605.82,,"7,793.67"
01/05/2022,CARD PAYMENT TO BP,BP,Transport,,17.72,"7,775.95"
01/05/2022,CARD PAYMENT TO AMAZON,Amazon,Shopping,,124.08,"7,651.87"
02/05/2022,DIRECT DEBIT TO LANDLORD RENT PAYMENT,Rent,Housing,,850,"6,801.87"
02/05/2022,CARD PAYMENT TO AMAZON,Amazon,Shopping,,94.45,"6,707.42"
02/05/2022,CARD PAYMENT TO APPLE,Apple,Subscriptions,,5.37,"6,702.05"
02/05/2022,CARD PAYMENT TO UNITED UTILITIES,United Utilities,Utilities,,42.5,"6,659.55"
03/05/2022,DIRECT DEBIT TO OCTOPUS ENERGY,Octopus Energy,Utilities,,42.06,"6,617.49"
04/05/2022,CARD PAYMENT TO UNITED UTILITIES,United Utilities,Utilities,,28.07,"6,589.42"
05/05/2022,DIRECT DEBIT TO UNITED UTILITIES,United Utilities,Utilities,,35.28,"6,554.14"
05/05/2022,CARD PAYMENT TO STEAM,Steam,Recreation,,35.83,"6,518.31"
06/05/2022,CARD PAYMENT TO ASDA,Asda,Groceries,,49.49,"6,468.82"
07/05/2022,DIRECT DEBIT TO VIRGIN MEDIA,Virgin Media,Utilities,,91.31,"6,377.51"
07/05/2022,CARD PAYMENT TO APPLE,Apple,Subscriptions,,15.88,"6,361.63"
08/05/2022,CARD PAYMENT TO UBER,Uber,Transport,,39.24,"6,322.39"
10/05/2022,CARD PAYMENT TO UNITED UTILITIES,United Utilities,Utilities,,35.85,"6,286.54"
10/05/2022,CARD PAYMENT TO SPOTIFY,Spotify,Subscriptions,,5.68,"6,280.86"
11/05/2022,CARD PAYMENT TO OCTOPUS ENERGY,Octopus Energy,Utilities,,5.75,"6,275.11"
12/05/2022,CARD PAYMENT TO UNITED UTILITIES,United Utilities,Utilities,,9.33,"6,265.78"
12/05/2022,CARD PAYMENT TO SPOTIFY,Spotify,Subscriptions,,16.04,"6,249.74"
15/05/2022,CARD PAYMENT TO UNITED UTILITIES,United Utilities,Utilities,,29.27,"6,220.47"
15/05/2022,CARD PAYMENT TO ASDA,Asda,Groceries,,45.01,"6,175.46"
16/05/2022,CARD PAYMENT TO AMAZON,Amazon,Shopping,,130.11,"6,045.35"
16/05/2022,CARD PAYMENT TO PUREGYM,PureGym,Fitness,,76.31,"5,969.04"
16/05/2022,CARD PAYMENT TO APPLE,Apple,Subscriptions,,7.61,"5,961.43"
18/05/2022,CARD PAYMENT TO VIRGIN MEDIA,Virgin Media,Utilities,,26.47,"5,934.96"
18/05/2022,CARD PAYMENT TO SHELL,Shell,Transport,,22.73,"5,912.23"
19/05/2022,CARD PAYMENT TO STEAM,Steam,Recreation,,10.27,"5,901.96"
19/05/2022,CARD PAYMENT TO LIDL,Lidl,Groceries,,37.78,"5,864.18"
21/05/2022,CARD PAYMENT TO TRAINLINE,Trainline,Transport,,29.26,"5,834.92"
21/05/2022,CARD PAYMENT TO STARBUCKS,Starbucks,Food & Drink,,14.5,"5,820.42"
22/05/2022,CARD PAYMENT TO WATERSTONES,Waterstones,Recreation,,31.18,"5,789.24"
22/05/2022,CARD PAYMENT TO IKEA,Ikea,Shopping,,178.65,"5,610.59"
23/05/2022,CARD PAYMENT TO UBER,Uber,Transport,,36.71,"5,573.88"
23/05/2022,CARD PAYMENT TO NETFLIX,Netflix,Subscriptions,,7.92,"5,565.96"
24/05/2022,CARD PAYMENT TO CINEWORLD,Cineworld,Recreation,,38.88,"5,527.08"
24/05/2022,CARD PAYMENT TO PUREGYM,PureGym,Fitness,,71.3,"5,455.78"
24/05/2022,CARD PAYMENT TO DELIVEROO,Deliveroo,Food & Drink,,9.2,"5,446.58"
25/05/2022,CARD PAYMENT TO STARBUCKS,Starbucks,Food & Drink,,16.73,"5,429.85"
28/05/2022,CARD PAYMENT TO PUREGYM,PureGym,Fitness,,68.26,"5,361.59"
29/05/2022,CARD PAYMENT TO APPLE,Apple,Subscriptions,,3.41,"5,358.18"
30/05/2022,CARD PAYMENT TO TRAINLINE,Trainline,Transport,,12.16,"5,346.02"
30/05/2022,CARD PAYMENT TO ASDA,Asda,Groceries,,29.91,"5,316.11"
31/05/2022,CARD PAYMENT TO WATERSTONES,Waterstones,Recreation,,58.18,"5,257.93"
01/06/2022,SALARY PAYMENT ACME ENGINEERING LTD,Salary,Income,2422.99,,"7,680.92"
01/06/2022,CARD PAYMENT TO APPLE,Apple,Subscriptions,,2.17,"7,678.75"
02/06/2022,DIRECT DEBIT TO LANDLORD RENT PAYMENT,Rent,Housing,,850,"6,828.75"
02/06/2022,CARD PAYMENT TO SHELL,Shell,Transport,,48.77,"6,779.98"
03/06/2022,DIRECT DEBIT TO UNITED UTILITIES,United Utilities,Utilities,,73.89,"6,706.09"
03/06/2022,CARD PAYMENT TO MORRISONS,Morrisons,Groceries,,21.64,"6,684.45"
05/06/2022,DIRECT DEBIT TO OCTOPUS ENERGY,Octopus Energy,Utilities,,31.08,"6,653.37"
05/06/2022,CARD PAYMENT TO DECATHLON,Decathlon,Fitness,,60.18,"6,593.19"
05/06/2022,CARD PAYMENT TO PUREGYM,PureGym,Fitness,,51.06,"6,542.13"
07/06/2022,DIRECT DEBIT TO OCTOPUS ENERGY,Octopus Energy,Utilities,,63.47,"6,478.66"
07/06/2022,CARD PAYMENT TO IKEA,Ikea,Shopping,,52.34,"6,426.32"
07/06/2022,CARD PAYMENT TO UBER,Uber,Transport,,56.35,"6,369.97"
09/06/2022,CARD PAYMENT TO VIRGIN MEDIA,Virgin Media,Utilities,,27.78,"6,342.19"
11/06/2022,CARD PAYMENT TO AMAZON,Amazon,Shopping,,147.49,"6,194.70"
11/06/2022,CARD PAYMENT TO WATERSTONES,Waterstones,Recreation,,50.66,"6,144.04"
12/06/2022,CARD PAYMENT TO APPLE,Apple,Subscriptions,,11.01,"6,133.03"
12/06/2022,CARD PAYMENT TO TRAINLINE,Trainline,Transport,,57.98,"6,075.05"
13/06/2022,CARD PAYMENT TO SPOTIFY,Spotify,Subscriptions,,9.71,"6,065.34"
13/06/2022,CARD PAYMENT TO STEAM,Steam,Recreation,,29.13,"6,036.21"
13/06/2022,CARD PAYMENT TO BP,BP,Transport,,49.61,"5,986.60"
14/06/2022,CARD PAYMENT TO AMAZON,Amazon,Shopping,,130.64,"5,855.96"
14/06/2022,CARD PAYMENT TO STEAM,Steam,Recreation,,24.36,"5,831.60"
14/06/2022,CARD PAYMENT TO DECATHLON,Decathlon,Fitness,,24.56,"5,807.04"
15/06/2022,CARD PAYMENT TO DISNEY PLUS,Disney Plus,Subscriptions,,7.66,"5,799.38"
16/06/2022,CARD PAYMENT TO UNITED UTILITIES,United Utilities,Utilities,,35.74,"5,763.64"
16/06/2022,CARD PAYMENT TO UBER,Uber,Transport,,46.33,"5,717.31"
17/06/2022,CARD PAYMENT TO TRAINLINE,Trainline,Transport,,18.75,"5,698.56"
18/06/2022,CARD PAYMENT TO TRAINLINE,Trainline,Transport,,16.11,"5,682.45"
22/06/2022,CARD PAYMENT TO LIDL,Lidl,Groceries,,62.61,"5,619.84"
22/06/2022,CARD PAYMENT TO DISNEY PLUS,Disney Plus,Subscriptions,,11.93,"5,607.91"
23/06/2022,CARD PAYMENT TO CINEWORLD,Cineworld,Recreation,,19.14,"5,588.77"
24/06/2022,CARD PAYMENT TO PUREGYM,PureGym,Fitness,,65.01,"5,523.76"
24/06/2022,CARD PAYMENT TO OCTOPUS ENERGY,Octopus Energy,Utilities,,28.66,"5,495.10"
25/06/2022,CARD PAYMENT TO SPOTIFY,Spotify,Subscriptions,,10.04,"5,485.06"
25/06/2022,CARD PAYMENT TO PUREGYM,PureGym,Fitness,,47.43,"5,437.63"
25/06/2022,CARD PAYMENT TO DELIVEROO,Deliveroo,Food & Drink,,16.99,"5,420.64"
26/06/2022,CARD PAYMENT TO TESCO,Tesco,Groceries,,46.42,"5,374.22"
26/06/2022,CARD PAYMENT TO PUREGYM,PureGym,Fitness,,39.53,"5,334.69"
27/06/2022,CARD PAYMENT TO UNITED UTILITIES,United Utilities,Utilities,,16.83,"5,317.86"
27/06/2022,CARD PAYMENT TO CINEWORLD,Cineworld,Recreation,,57.93,"5,259.93"
28/06/2022,CARD PAYMENT TO CURRYS,Currys,Shopping,,97.3,"5,162.63"
28/06/2022,CARD PAYMENT TO UBER,Uber,Transport,,44.44,"5,118.19"
29/06/2022,CARD PAYMENT TO JD SPORTS,JD Sports,Shopping,,61.14,"5,057.05"
29/06/2022,CARD PAYMENT TO UNITED UTILITIES,United Utilities,Utilities,,10.9,"5,046.15"
30/06/2022,CARD PAYMENT TO DELIVEROO,Deliveroo,Food & Drink,,10.29,"5,035.86"
01/07/2022,SALARY PAYMENT ACME ENGINEERING LTD,Salary,Income,2494.32,,"7,530.18"
01/07/2022,CARD PAYMENT TO PUREGYM,PureGym,Fitness,,28.75,"7,501.43"
01/07/2022,CARD PAYMENT TO VIRGIN MEDIA,Virgin Media,Utilities,,41.26,"7,460.17"
01/07/2022,CARD PAYMENT TO VIRGIN MEDIA,Virgin Media,Utilities,,27.48,"7,432.69"
02/07/2022,DIRECT DEBIT TO LANDLORD RENT PAYMENT,Rent,Housing,,850,"6,582.69"
02/07/2022,CARD PAYMENT TO DISNEY PLUS,Disney Plus,Subscriptions,,6.02,"6,576.67"
03/07/2022,DIRECT DEBIT TO OCTOPUS ENERGY,Octopus Energy,Utilities,,52.89,"6,523.78"
03/07/2022,CARD PAYMENT TO SAINSBURYS,Sainsburys,Groceries,,54.39,"6,469.39"
04/07/2022,CARD PAYMENT TO PRET,Pret,Food & Drink,,23.1,"6,446.29"
04/07/2022,CARD PAYMENT TO CINEWORLD,Cineworld,Recreation,,28.02,"6,418.27"
05/07/2022,DIRECT DEBIT TO VIRGIN MEDIA,Virgin Media,Utilities,,49.09,"6,369.18"
05/07/2022,CARD PAYMENT TO GREGGS,Greggs,Food & Drink,,26.42,"6,342.76"
05/07/2022,CARD PAYMENT TO BP,BP,Transport,,58.93,"6,283.83"
06/07/2022,CARD PAYMENT TO IKEA,Ikea,Shopping,,126.08,"6,157.75"
06/07/2022,CARD PAYMENT TO APPLE,Apple,Subscriptions,,16.23,"6,141.52"
07/07/2022,DIRECT DEBIT TO VIRGIN MEDIA,Virgin Media,Utilities,,67.96,"6,073.56"
07/07/2022,CARD PAYMENT TO OCTOPUS ENERGY,Octopus Energy,Utilities,,33.83,"6,039.73"
07/07/2022,CARD PAYMENT TO JD SPORTS,JD Sports,Shopping,,119.16,"5,920.57"
08/07/2022,CARD PAYMENT TO COSTA COFFEE,Costa Coffee,Food & Drink,,7.37,"5,913.20"
08/07/2022,CARD PAYMENT TO TRAINLINE,Trainline,Transport,,24.48,"5,888.72"
08/07/2022,CARD PAYMENT TO WATERSTONES,Waterstones,Recreation,,23.37,"5,865.35"
09/07/2022,CARD PAYMENT TO CINEWORLD,Cineworld,Recreation,,49.05,"5,816.30"
09/07/2022,CARD PAYMENT TO JD SPORTS,JD Sports,Shopping,,83.31,"5,732.99"
09/07/2022,CARD PAYMENT TO OCTOPUS ENERGY,Octopus Energy,Utilities,,10.63,"5,722.36"
10/07/2022,CARD PAYMENT TO WATERSTONES,Waterstones,Recreation,,45.03,"5,677.33"
12/07/2022,CARD PAYMENT TO VIRGIN MEDIA,Virgin Media,Utilities,,9.64,"5,667.69"
14/07/2022,CARD PAYMENT TO TESCO,Tesco,Groceries,,51.94,"5,615.75"
17/07/2022,CARD PAYMENT TO OCTOPUS ENERGY,Octopus Energy,Utilities,,34.47,"5,581.28"
18/07/2022,CARD PAYMENT TO STEAM,Steam,Recreation,,22.37,"5,558.91"
18/07/2022,CARD PAYMENT TO CINEWORLD,Cineworld,Recreation,,41.32,"5,517.59"
18/07/2022,CARD PAYMENT TO UNITED UTILITIES,United Utilities,Utilities,,42.73,"5,474.86"
21/07/2022,CARD PAYMENT TO JD SPORTS,JD Sports,Shopping,,92.09,"5,382.77"
22/07/2022,CARD PAYMENT TO NETFLIX,Netflix,Subscriptions,,17.51,"5,365.26"
24/07/2022,CARD PAYMENT TO DECATHLON,Decathlon,Fitness,,74.54,"5,290.72"
24/07/2022,CARD PAYMENT TO NETFLIX,Netflix,Subscriptions,,14.88,"5,275.84"
25/07/2022,CARD PAYMENT TO CINEWORLD,Cineworld,Recreation,,30.61,"5,245.23"
25/07/2022,CARD PAYMENT TO VIRGIN MEDIA,Virgin Media,Utilities,,5.48,"5,239.75"
26/07/2022,CARD PAYMENT TO IKEA,Ikea,Shopping,,92.42,"5,147.33"
28/07/2022,CARD PAYMENT TO DISNEY PLUS,Disney Plus,Subscriptions,,2.15,"5,145.18"
28/07/2022,CARD PAYMENT TO DECATHLON,Decathlon,Fitness,,55.82,"5,089.36"
28/07/2022,CARD PAYMENT TO LIDL,Lidl,Groceries,,29.3,"5,060.06"
29/07/2022,CARD PAYMENT TO DECATHLON,Decathlon,Fitness,,34.99,"5,025.07"
29/07/2022,CARD PAYMENT TO DECATHLON,Decathlon,Fitness,,33.24,"4,991.83"
31/07/2022,CARD PAYMENT TO TRAINLINE,Trainline,Transport,,22.8,"4,969.03"
31/07/2022,CARD PAYMENT TO CINEWORLD,Cineworld,Recreation,,19.4,"4,949.63"
01/08/2022,SALARY PAYMENT ACME ENGINEERING LTD,Salary,Income,2427.39,,"7,377.02"
01/08/2022,CARD PAYMENT TO STEAM,Steam,Recreation,,41.84,"7,335.18"
02/08/2022,DIRECT DEBIT TO LANDLORD RENT PAYMENT,Rent,Housing,,850,"6,485.18"
02/08/2022,CARD PAYMENT TO WATERSTONES,Waterstones,Recreation,,41.14,"6,444.04"
02/08/2022,CARD PAYMENT TO TRAINLINE,Trainline,Transport,,9.01,"6,435.03"
02/08/2022,CARD PAYMENT TO LIDL,Lidl,Groceries,,9.26,"6,425.77"
03/08/2022,DIRECT DEBIT TO OCTOPUS ENERGY,Octopus Energy,Utilities,,44.75,"6,381.02"
03/08/2022,CARD PAYMENT TO SPOTIFY,Spotify,Subscriptions,,5.72,"6,375.30"
04/08/2022,CARD PAYMENT TO ALDI,Aldi,Groceries,,20.38,"6,354.92"
05/08/2022,DIRECT DEBIT TO VIRGIN MEDIA,Virgin Media,Utilities,,46.81,"6,308.11"
05/08/2022,CARD PAYMENT TO JD SPORTS,JD Sports,Shopping,,129.99,"6,178.12"
05/08/2022,CARD PAYMENT TO MORRISONS,Morrisons,Groceries,,12.57,"6,165.55"
05/08/2022,CARD PAYMENT TO OCTOPUS ENERGY,Octopus Energy,Utilities,,16.99,"6,148.56"
06/08/2022,CARD PAYMENT TO UBER EATS,Uber Eats,Food & Drink,,15.69,"6,132.87"
06/08/2022,CARD PAYMENT TO TRAINLINE,Trainline,Transport,,50.5,"6,082.37"
06/08/2022,CARD PAYMENT TO TESCO,Tesco,Groceries,,63.55,"6,018.82"
07/08/2022,DIRECT DEBIT TO UNITED UTILITIES,United Utilities,Utilities,,42.43,"5,976.39"
07/08/2022,CARD PAYMENT TO SHELL,Shell,Transport,,18.36,"5,958.03"
07/08/2022,CARD PAYMENT TO UBER EATS,Uber Eats,Food & Drink,,20.98,"5,937.05"
07/08/2022,CARD PAYMENT TO UBER,Uber,Transport,,28.23,"5,908.82"
08/08/2022,CARD PAYMENT TO CURRYS,Currys,Shopping,,118.81,"5,790.01"
08/08/2022,CARD PAYMENT TO ASDA,Asda,Groceries,,61.43,"5,728.58"
10/08/2022,CARD PAYMENT TO DISNEY PLUS,Disney Plus,Subscriptions,,5.18,"5,723.40"
10/08/2022,CARD PAYMENT TO ASDA,Asda,Groceries,,20.41,"5,702.99"
12/08/2022,CARD PAYMENT TO DECATHLON,Decathlon,Fitness,,20.9,"5,682.09"
13/08/2022,CARD PAYMENT TO PRET,Pret,Food & Drink,,24.31,"5,657.78"
16/08/2022,CARD PAYMENT TO VIRGIN MEDIA,Virgin Media,Utilities,,39.69,"5,618.09"
16/08/2022,CARD PAYMENT TO BP,BP,Transport,,34,"5,584.09"
17/08/2022,CARD PAYMENT TO TESCO,Tesco,Groceries,,28.26,"5,555.83"
17/08/2022,CARD PAYMENT TO UNITED UTILITIES,United Utilities,Utilities,,29.14,"5,526.69"
19/08/2022,CARD PAYMENT TO NETFLIX,Netflix,Subscriptions,,7.07,"5,519.62"
20/08/2022,CARD PAYMENT TO NETFLIX,Netflix,Subscriptions,,2.34,"5,517.28"
20/08/2022,CARD PAYMENT TO DECATHLON,Decathlon,Fitness,,63.46,"5,453.82"
21/08/2022,CARD PAYMENT TO ALDI,Aldi,Groceries,,48.28,"5,405.54"
22/08/2022,CARD PAYMENT TO NETFLIX,Netflix,Subscriptions,,11.07,"5,394.47"
23/08/2022,CARD PAYMENT TO JD SPORTS,JD Sports,Shopping,,60.43,"5,334.04"
24/08/2022,CARD PAYMENT TO UBER EATS,Uber Eats,Food & Drink,,7.19,"5,326.85"
25/08/2022,CARD PAYMENT TO WATERSTONES,Waterstones,Recreation,,28.36,"5,298.49"
25/08/2022,CARD PAYMENT TO ASDA,Asda,Groceries,,36.84,"5,261.65"
26/08/2022,CARD PAYMENT TO LIDL,Lidl,Groceries,,56.84,"5,204.81"
27/08/2022,CARD PAYMENT TO AMAZON,Amazon,Shopping,,123.62,"5,081.19"
28/08/2022,CARD PAYMENT TO UBER,Uber,Transport,,47.82,"5,033.37"
28/08/2022,CARD PAYMENT TO UNITED UTILITIES,United Utilities,Utilities,,17.74,"5,015.63"
28/08/2022,CARD PAYMENT TO DECATHLON,Decathlon,Fitness,,26.63,"4,989.00"
31/08/2022,CARD PAYMENT TO OCTOPUS ENERGY,Octopus Energy,Utilities,,14.09,"4,974.91"
01/09/2022,SALARY PAYMENT ACME ENGINEERING LTD,Salary,Income,2594.15,,"7,569.06"
02/09/2022,DIRECT DEBIT TO LANDLORD RENT PAYMENT,Rent,Housing,,850,"6,719.06"
03/09/2022,DIRECT DEBIT TO UNITED UTILITIES,United Utilities,Utilities,,69.92,"6,649.14"
03/09/2022,CARD PAYMENT TO DISNEY PLUS,Disney Plus,Subscriptions,,2.79,"6,646.35"
03/09/2022,CARD PAYMENT TO SHELL,Shell,Transport,,8.68,"6,637.67"
03/09/2022,CARD PAYMENT TO UBER,Uber,Transport,,56.28,"6,581.39"
05/09/2022,DIRECT DEBIT TO VIRGIN MEDIA,Virgin Media,Utilities,,81.07,"6,500.32"
06/09/2022,CARD PAYMENT TO DECATHLON,Decathlon,Fitness,,67.65,"6,432.67"
07/09/2022,DIRECT DEBIT TO OCTOPUS ENERGY,Octopus Energy,Utilities,,82.66,"6,350.01"
07/09/2022,CARD PAYMENT TO ASDA,Asda,Groceries,,12.01,"6,338.00"
08/09/2022,CARD PAYMENT TO STARBUCKS,Starbucks,Food & Drink,,28.94,"6,309.06"
08/09/2022,CARD PAYMENT TO COSTA COFFEE,Costa Coffee,Food & Drink,,22.58,"6,286.48"
09/09/2022,CARD PAYMENT TO BP,BP,Transport,,35.36,"6,251.12"
09/09/2022,CARD PAYMENT TO BP,BP,Transport,,37.04,"6,214.08"
10/09/2022,CARD PAYMENT TO NANDOS,Nandos,Food & Drink,,20.24,"6,193.84"
10/09/2022,CARD PAYMENT TO JD SPORTS,JD Sports,Shopping,,130.92,"6,062.92"
10/09/2022,CARD PAYMENT TO PUREGYM,PureGym,Fitness,,30.01,"6,032.91"
12/09/2022,CARD PAYMENT TO CURRYS,Currys,Shopping,,103.09,"5,929.82"
13/09/2022,CARD PAYMENT TO IKEA,Ikea,Shopping,,105.76,"5,824.06"
13/09/2022,CARD PAYMENT TO IKEA,Ikea,Shopping,,83.04,"5,741.02"
13/09/2022,CARD PAYMENT TO DECATHLON,Decathlon,Fitness,,56.5,"5,684.52"
14/09/2022,CARD PAYMENT TO DECATHLON,Decathlon,Fitness,,41.6,"5,642.92"
15/09/2022,CARD PAYMENT TO APPLE,Apple,Subscriptions,,2,"5,640.92"
15/09/2022,CARD PAYMENT TO MORRISONS,Morrisons,Groceries,,41.96,"5,598.96"
16/09/2022,CARD PAYMENT TO STEAM,Steam,Recreation,,25.02,"5,573.94"
17/09/2022,CARD PAYMENT TO TRAINLINE,Trainline,Transport,,9.13,"5,564.81"
19/09/2022,CARD PAYMENT TO COSTA COFFEE,Costa Coffee,Food & Drink,,15.43,"5,549.38"
20/09/2022,CARD PAYMENT TO VIRGIN MEDIA,Virgin Media,Utilities,,21.52,"5,527.86"
21/09/2022,CARD PAYMENT TO TRAINLINE,Trainline,Transport,,50.18,"5,477.68"
23/09/2022,CARD PAYMENT TO SHELL,Shell,Transport,,45.63,"5,432.05"
23/09/2022,CARD PAYMENT TO NETFLIX,Netflix,Subscriptions,,9.81,"5,422.24"
25/09/2022,CARD PAYMENT TO ASDA,Asda,Groceries,,54.08,"5,368.16"
25/09/2022,CARD PAYMENT TO PUREGYM,PureGym,Fitness,,66.81,"5,301.35"
26/09/2022,CARD PAYMENT TO JD SPORTS,JD Sports,Shopping,,83.73,"5,217.62"
26/09/2022,CARD PAYMENT TO NANDOS,Nandos,Food & Drink,,23.8,"5,193.82"
28/09/2022,CARD PAYMENT TO MORRISONS,Morrisons,Groceries,,37.89,"5,155.93"
28/09/2022,CARD PAYMENT TO CURRYS,Currys,Shopping,,68.93,"5,087.00"
28/09/2022,CARD PAYMENT TO BP,BP,Transport,,10.63,"5,076.37"
29/09/2022,CARD PAYMENT TO SPOTIFY,Spotify,Subscriptions,,5.55,"5,070.82"
29/09/2022,CARD PAYMENT TO CINEWORLD,Cineworld,Recreation,,17.4,"5,053.42"
29/09/2022,CARD PAYMENT TO AMAZON,Amazon,Shopping,,93.52,"4,959.90"
01/10/2022,SALARY PAYMENT ACME ENGINEERING LTD,Salary,Income,2619.26,,"7,579.16"
01/10/2022,CARD PAYMENT TO PRET,Pret,Food & Drink,,16.55,"7,562.61"
01/10/2022,CARD PAYMENT TO OCTOPUS ENERGY,Octopus Energy,Utilities,,26.64,"7,535.97"
02/10/2022,DIRECT DEBIT TO LANDLORD RENT PAYMENT,Rent,Housing,,850,"6,685.97"
02/10/2022,CARD PAYMENT TO APPLE,Apple,Subscriptions,,12.44,"6,673.53"
03/10/2022,DIRECT DEBIT TO OCTOPUS ENERGY,Octopus Energy,Utilities,,64.28,"6,609.25"
03/10/2022,CARD PAYMENT TO SHELL,Shell,Transport,,21.85,"6,587.40"
04/10/2022,CARD PAYMENT TO AMAZON,Amazon,Shopping,,33.57,"6,553.83"
04/10/2022,CARD PAYMENT TO DECATHLON,Decathlon,Fitness,,41.92,"6,511.91"
04/10/2022,CARD PAYMENT TO TRAINLINE,Trainline,Transport,,25.92,"6,485.99"
05/10/2022,DIRECT DEBIT TO UNITED UTILITIES,United Utilities,Utilities,,26.69,"6,459.30"
05/10/2022,CARD PAYMENT TO VIRGIN MEDIA,Virgin Media,Utilities,,32.73,"6,426.57"
05/10/2022,CARD PAYMENT TO NETFLIX,Netflix,Subscriptions,,9.05,"6,417.52"
06/10/2022,CARD PAYMENT TO TRAINLINE,Trainline,Transport,,16.11,"6,401.41"
07/10/2022,DIRECT DEBIT TO UNITED UTILITIES,United Utilities,Utilities,,84.69,"6,316.72"
10/10/2022,CARD PAYMENT TO STEAM,Steam,Recreation,,27.16,"6,289.56"
12/10/2022,CARD PAYMENT TO APPLE,Apple,Subscriptions,,2.36,"6,287.20"
12/10/2022,CARD PAYMENT TO BP,BP,Transport,,18.6,"6,268.60"
13/10/2022,CARD PAYMENT TO NETFLIX,Netflix,Subscriptions,,13.12,"6,255.48"
15/10/2022,CARD PAYMENT TO MORRISONS,Morrisons,Groceries,,17.71,"6,237.77"
16/10/2022,CARD PAYMENT TO TRAINLINE,Trainline,Transport,,10.76,"6,227.01"
16/10/2022,CARD PAYMENT TO TESCO,Tesco,Groceries,,30.15,"6,196.86"
17/10/2022,CARD PAYMENT TO AMAZON,Amazon,Shopping,,18.15,"6,178.71"
17/10/2022,CARD PAYMENT TO PUREGYM,PureGym,Fitness,,78.79,"6,099.92"
19/10/2022,CARD PAYMENT TO SPOTIFY,Spotify,Subscriptions,,4.98,"6,094.94"
20/10/2022,CARD PAYMENT TO TESCO,Tesco,Groceries,,22.1,"6,072.84"
21/10/2022,CARD PAYMENT TO JD SPORTS,JD Sports,Shopping,,79.91,"5,992.93"
21/10/2022,CARD PAYMENT TO OCTOPUS ENERGY,Octopus Energy,Utilities,,20.61,"5,972.32"
22/10/2022,CARD PAYMENT TO IKEA,Ikea,Shopping,,53.97,"5,918.35"
23/10/2022,CARD PAYMENT TO ASDA,Asda,Groceries,,22.69,"5,895.66"
23/10/2022,CARD PAYMENT TO PUREGYM,PureGym,Fitness,,76.65,"5,819.01"
24/10/2022,CARD PAYMENT TO BP,BP,Transport,,25.77,"5,793.24"
24/10/2022,CARD PAYMENT TO PUREGYM,PureGym,Fitness,,25.27,"5,767.97"
25/10/2022,CARD PAYMENT TO UBER,Uber,Transport,,20.5,"5,747.47"
26/10/2022,CARD PAYMENT TO DECATHLON,Decathlon,Fitness,,74.58,"5,672.89"
27/10/2022,CARD PAYMENT TO NETFLIX,Netflix,Subscriptions,,5.31,"5,667.58"
27/10/2022,CARD PAYMENT TO UNITED UTILITIES,United Utilities,Utilities,,29.36,"5,638.22"
28/10/2022,CARD PAYMENT TO VIRGIN MEDIA,Virgin Media,Utilities,,35.98,"5,602.24"
29/10/2022,CARD PAYMENT TO PUREGYM,PureGym,Fitness,,59.37,"5,542.87"
30/10/2022,CARD PAYMENT TO AMAZON,Amazon,Shopping,,106.96,"5,435.91"
01/11/2022,SALARY PAYMENT ACME ENGINEERING LTD,Salary,Income,2473.65,,"7,909.56"
01/11/2022,CARD PAYMENT TO MORRISONS,Morrisons,Groceries,,58.17,"7,851.39"
02/11/2022,DIRECT DEBIT TO LANDLORD RENT PAYMENT,Rent,Housing,,850,"7,001.39"
02/11/2022,CARD PAYMENT TO DECATHLON,Decathlon,Fitness,,46.58,"6,954.81"
02/11/2022,CARD PAYMENT TO STEAM,Steam,Recreation,,48.96,"6,905.85"
02/11/2022,CARD PAYMENT TO STARBUCKS,Starbucks,Food & Drink,,7.99,"6,897.86"
03/11/2022,DIRECT DEBIT TO UNITED UTILITIES,United Utilities,Utilities,,68.19,"6,829.67"
04/11/2022,CARD PAYMENT TO SHELL,Shell,Transport,,26.68,"6,802.99"
05/11/2022,DIRECT DEBIT TO UNITED UTILITIES,United Utilities,Utilities,,79.59,"6,723.40"
06/11/2022,CARD PAYMENT TO CURRYS,Currys,Shopping,,155.6,"6,567.80"
06/11/2022,CARD PAYMENT TO APPLE,Apple,Subscriptions,,4.2,"6,563.60"
06/11/2022,CARD PAYMENT TO BP,BP,Transport,,9.68,"6,553.92"
07/11/2022,DIRECT DEBIT TO OCTOPUS ENERGY,Octopus Energy,Utilities,,89.78,"6,464.14"
07/11/2022,CARD PAYMENT TO BP,BP,Transport,,47.4,"6,416.74"
07/11/2022,CARD PAYMENT TO STARBUCKS,Starbucks,Food & Drink,,28.03,"6,388.71"
07/11/2022,CARD PAYMENT TO APPLE,Apple,Subscriptions,,13.01,"6,375.70"
08/11/2022,CARD PAYMENT TO UBER,Uber,Transport,,29.05,"6,346.65"
08/11/2022,CARD PAYMENT TO LIDL,Lidl,Groceries,,49.91,"6,296.74"
08/11/2022,CARD PAYMENT TO DECATHLON,Decathlon,Fitness,,43.65,"6,253.09"
11/11/2022,CARD PAYMENT TO SPOTIFY,Spotify,Subscriptions,,16.04,"6,237.05"
11/11/2022,CARD PAYMENT TO UBER,Uber,Transport,,59.16,"6,177.89"
11/11/2022,CARD PAYMENT TO LIDL,Lidl,Groceries,,30.08,"6,147.81"
13/11/2022,CARD PAYMENT TO CINEWORLD,Cineworld,Recreation,,29.9,"6,117.91"
14/11/2022,CARD PAYMENT TO CINEWORLD,Cineworld,Recreation,,18.32,"6,099.59"
14/11/2022,CARD PAYMENT TO WATERSTONES,Waterstones,Recreation,,55.95,"6,043.64"
15/11/2022,CARD PAYMENT TO APPLE,Apple,Subscriptions,,3.45,"6,040.19"
18/11/2022,CARD PAYMENT TO DECATHLON,Decathlon,Fitness,,39.41,"6,000.78"
20/11/2022,CARD PAYMENT TO NETFLIX,Netflix,Subscriptions,,16.12,"5,984.66"
22/11/2022,CARD PAYMENT TO CURRYS,Currys,Shopping,,133.53,"5,851.13"
22/11/2022,CARD PAYMENT TO COSTA COFFEE,Costa Coffee,Food & Drink,,6.08,"5,845.05"
23/11/2022,CARD PAYMENT TO AMAZON,Amazon,Shopping,,101.43,"5,743.62"
23/11/2022,CARD PAYMENT TO PUREGYM,PureGym,Fitness,,42.72,"5,700.90"
23/11/2022,CARD PAYMENT TO PUREGYM,PureGym,Fitness,,66.1,"5,634.80"
24/11/2022,CARD PAYMENT TO OCTOPUS ENERGY,Octopus Energy,Utilities,,44.1,"5,590.70"
25/11/2022,CARD PAYMENT TO ALDI,Aldi,Groceries,,25.56,"5,565.14"
26/11/2022,CARD PAYMENT TO WATERSTONES,Waterstones,Recreation,,19.03,"5,546.11"
26/11/2022,CARD PAYMENT TO OCTOPUS ENERGY,Octopus Energy,Utilities,,5.16,"5,540.95"
26/11/2022,CARD PAYMENT TO STEAM,Steam,Recreation,,32.93,"5,508.02"
27/11/2022,CARD PAYMENT TO LIDL,Lidl,Groceries,,58.31,"5,449.71"
27/11/2022,CARD PAYMENT TO BP,BP,Transport,,38.62,"5,411.09"
28/11/2022,CARD PAYMENT TO APPLE,Apple,Subscriptions,,9.07,"5,402.02"
01/12/2022,SALARY PAYMENT ACME ENGINEERING LTD,Salary,Income,2511.25,,"7,913.27"
01/12/2022,CARD PAYMENT TO SAINSBURYS,Sainsburys,Groceries,,16.45,"7,896.82"
02/12/2022,DIRECT DEBIT TO LANDLORD RENT PAYMENT,Rent,Housing,,850,"7,046.82"
02/12/2022,CARD PAYMENT TO SAINSBURYS,Sainsburys,Groceries,,56.67,"6,990.15"
03/12/2022,DIRECT DEBIT TO UNITED UTILITIES,United Utilities,Utilities,,45.89,"6,944.26"
05/12/2022,DIRECT DEBIT TO OCTOPUS ENERGY,Octopus Energy,Utilities,,54.19,"6,890.07"
05/12/2022,CARD PAYMENT TO UNITED UTILITIES,United Utilities,Utilities,,17.8,"6,872.27"
06/12/2022,CARD PAYMENT TO DISNEY PLUS,Disney Plus,Subscriptions,,16.9,"6,855.37"
07/12/2022,DIRECT DEBIT TO OCTOPUS ENERGY,Octopus Energy,Utilities,,78.8,"6,776.57"
07/12/2022,CARD PAYMENT TO JD SPORTS,JD Sports,Shopping,,150.34,"6,626.23"
07/12/2022,CARD PAYMENT TO PUREGYM,PureGym,Fitness,,37.57,"6,588.66"
08/12/2022,CARD PAYMENT TO DELIVEROO,Deliveroo,Food & Drink,,26.2,"6,562.46"
09/12/2022,CARD PAYMENT TO PUREGYM,PureGym,Fitness,,61.75,"6,500.71"
13/12/2022,CARD PAYMENT TO CINEWORLD,Cineworld,Recreation,,40.44,"6,460.27"
13/12/2022,CARD PAYMENT TO IKEA,Ikea,Shopping,,101.69,"6,358.58"
14/12/2022,CARD PAYMENT TO UNITED UTILITIES,United Utilities,Utilities,,30.32,"6,328.26"
15/12/2022,CARD PAYMENT TO NETFLIX,Netflix,Subscriptions,,16.14,"6,312.12"
15/12/2022,CARD PAYMENT TO TRAINLINE,Trainline,Transport,,58.92,"6,253.20"
15/12/2022,CARD PAYMENT TO TESCO,Tesco,Groceries,,9.37,"6,243.83"
18/12/2022,CARD PAYMENT TO PUREGYM,PureGym,Fitness,,40.03,"6,203.80"
18/12/2022,CARD PAYMENT TO SHELL,Shell,Transport,,41.31,"6,162.49"
19/12/2022,CARD PAYMENT TO STEAM,Steam,Recreation,,25.39,"6,137.10"
20/12/2022,CARD PAYMENT TO TESCO,Tesco,Groceries,,47.09,"6,090.01"
20/12/2022,CARD PAYMENT TO JD SPORTS,JD Sports,Shopping,,134.53,"5,955.48"
22/12/2022,CARD PAYMENT TO TRAINLINE,Trainline,Transport,,51.36,"5,904.12"
23/12/2022,CARD PAYMENT TO SPOTIFY,Spotify,Subscriptions,,12.33,"5,891.79"
23/12/2022,CARD PAYMENT TO NETFLIX,Netflix,Subscriptions,,12.04,"5,879.75"
24/12/2022,CARD PAYMENT TO APPLE,Apple,Subscriptions,,16.84,"5,862.91"
24/12/2022,CARD PAYMENT TO LIDL,Lidl,Groceries,,25.06,"5,837.85"
28/12/2022,CARD PAYMENT TO AMAZON,Amazon,Shopping,,174.99,"5,662.86"
28/12/2022,CARD PAYMENT TO STEAM,Steam,Recreation,,26.96,"5,635.90"
29/12/2022,CARD PAYMENT TO UNITED UTILITIES,United Utilities,Utilities,,32.26,"5,603.64"
29/12/2022,CARD PAYMENT TO UNITED UTILITIES,United Utilities,Utilities,,10.26,"5,593.38"
30/12/2022,CARD PAYMENT TO AMAZON,Amazon,Shopping,,59.8,"5,533.58"
30/12/2022,CARD PAYMENT TO PRET,Pret,Food & Drink,,26.68,"5,506.90"
31/12/2022,CARD PAYMENT TO DISNEY PLUS,Disney Plus,Subscriptions,,5.46,"5,501.44"
31/12/2022,CARD PAYMENT TO STEAM,Steam,Recreation,,15.61,"5,485.83"
01/01/2023,SALARY PAYMENT ACME ENGINEERING LTD,Salary,Income,2713.98,,"8,199.81"
01/01/2023,CARD PAYMENT TO PRET,Pret,Food & Drink,,16.66,"8,183.15"
02/01/2023,DIRECT DEBIT TO LANDLORD RENT PAYMENT,Rent,Housing,,850,"7,333.15"
02/01/2023,CARD PAYMENT TO OCTOPUS ENERGY,Octopus Energy,Utilities,,20.31,"7,312.84"
02/01/2023,CARD PAYMENT TO DISNEY PLUS,Disney Plus,Subscriptions,,14.41,"7,298.43"
03/01/2023,DIRECT DEBIT TO OCTOPUS ENERGY,Octopus Energy,Utilities,,78.86,"7,219.57"
04/01/2023,CARD PAYMENT TO SHELL,Shell,Transport,,31.89,"7,187.68"
05/01/2023,DIRECT DEBIT TO UNITED UTILITIES,United Utilities,Utilities,,85.54,"7,102.14"
07/01/2023,DIRECT DEBIT TO VIRGIN MEDIA,Virgin Media,Utilities,,90.26,"7,011.88"
08/01/2023,CARD PAYMENT TO SPOTIFY,Spotify,Subscriptions,,3.65,"7,008.23"
08/01/2023,CARD PAYMENT TO STEAM,Steam,Recreation,,38.88,"6,969.35"
09/01/2023,CARD PAYMENT TO TRAINLINE,Trainline,Transport,,18.43,"6,950.92"
09/01/2023,CARD PAYMENT TO CINEWORLD,Cineworld,Recreation,,36.61,"6,914.31"
10/01/2023,CARD PAYMENT TO GREGGS,Greggs,Food & Drink,,7.03,"6,907.28"
10/01/2023,CARD PAYMENT TO STEAM,Steam,Recreation,,10.76,"6,896.52"
13/01/2023,CARD PAYMENT TO IKEA,Ikea,Shopping,,38.36,"6,858.16"
14/01/2023,CARD PAYMENT TO BP,BP,Transport,,11.7,"6,846.46"
15/01/2023,CARD PAYMENT TO SPOTIFY,Spotify,Subscriptions,,4.08,"6,842.38"
16/01/2023,CARD PAYMENT TO TESCO,Tesco,Groceries,,29.87,"6,812.51"
16/01/2023,CARD PAYMENT TO PRET,Pret,Food & Drink,,13.58,"6,798.93"
17/01/2023,CARD PAYMENT TO IKEA,Ikea,Shopping,,69.83,"6,729.10"
17/01/2023,CARD PAYMENT TO SHELL,Shell,Transport,,58.63,"6,670.47"
18/01/2023,CARD PAYMENT TO OCTOPUS ENERGY,Octopus Energy,Utilities,,41.58,"6,628.89"
18/01/2023,CARD PAYMENT TO SPOTIFY,Spotify,Subscriptions,,9.29,"6,619.60"
19/01/2023,CARD PAYMENT TO NETFLIX,Netflix,Subscriptions,,17.16,"6,602.44"
19/01/2023,CARD PAYMENT TO UNITED UTILITIES,United Utilities,Utilities,,16.61,"6,585.83"
19/01/2023,CARD PAYMENT TO JD SPORTS,JD Sports,Shopping,,45.25,"6,540.58"
20/01/2023,CARD PAYMENT TO JD SPORTS,JD Sports,Shopping,,95.44,"6,445.14"
20/01/2023,CARD PAYMENT TO PRET,Pret,Food & Drink,,6.05,"6,439.09"
21/01/2023,CARD PAYMENT TO NETFLIX,Netflix,Subscriptions,,6.52,"6,432.57"
21/01/2023,CARD PAYMENT TO CURRYS,Currys,Shopping,,98.81,"6,333.76"
21/01/2023,CARD PAYMENT TO PUREGYM,PureGym,Fitness,,39.55,"6,294.21"
23/01/2023,CARD PAYMENT TO APPLE,Apple,Subscriptions,,11.45,"6,282.76"
26/01/2023,CARD PAYMENT TO APPLE,Apple,Subscriptions,,3.06,"6,279.70"
28/01/2023,CARD PAYMENT TO DECATHLON,Decathlon,Fitness,,52.67,"6,227.03"
28/01/2023,CARD PAYMENT TO BP,BP,Transport,,42.46,"6,184.57"
28/01/2023,CARD PAYMENT TO DELIVEROO,Deliveroo,Food & Drink,,28.13,"6,156.44"
29/01/2023,CARD PAYMENT TO UBER EATS,Uber Eats,Food & Drink,,19.09,"6,137.35"
29/01/2023,CARD PAYMENT TO AMAZON,Amazon,Shopping,,150.63,"5,986.72"
29/01/2023,CARD PAYMENT TO VIRGIN MEDIA,Virgin Media,Utilities,,48.01,"5,938.71"
01/02/2023,SALARY PAYMENT ACME ENGINEERING LTD,Salary,Income,2674.2,,"8,612.91"
01/02/2023,CARD PAYMENT TO JD SPORTS,JD Sports,Shopping,,121.42,"8,491.49"
01/02/2023,CARD PAYMENT TO TESCO,Tesco,Groceries,,20.4,"8,471.09"
01/02/2023,CARD PAYMENT TO UNITED UTILITIES,United Utilities,Utilities,,45.65,"8,425.44"
02/02/2023,DIRECT DEBIT TO LANDLORD RENT PAYMENT,Rent,Housing,,850,"7,575.44"
03/02/2023,DIRECT DEBIT TO OCTOPUS ENERGY,Octopus Energy,Utilities,,71.26,"7,504.18"
03/02/2023,CARD PAYMENT TO CINEWORLD,Cineworld,Recreation,,40.78,"7,463.40"
03/02/2023,CARD PAYMENT TO NETFLIX,Netflix,Subscriptions,,5.29,"7,458.11"
04/02/2023,CARD PAYMENT TO WATERSTONES,Waterstones,Recreation,,49.72,"7,408.39"
04/02/2023,CARD PAYMENT TO CINEWORLD,Cineworld,Recreation,,45.89,"7,362.50"
05/02/2023,DIRECT DEBIT TO VIRGIN MEDIA,Virgin Media,Utilities,,94.32,"7,268.18"
06/02/2023,CARD PAYMENT TO VIRGIN MEDIA,Virgin Media,Utilities,,7.81,"7,260.37"
06/02/2023,CARD PAYMENT TO TESCO,Tesco,Groceries,,48.09,"7,212.28"
07/02/2023,DIRECT DEBIT TO VIRGIN MEDIA,Virgin Media,Utilities,,32.68,"7,179.60"
07/02/2023,CARD PAYMENT TO SAINSBURYS,Sainsburys,Groceries,,32.61,"7,146.99"
08/02/2023,CARD PAYMENT TO JD SPORTS,JD Sports,Shopping,,82,"7,064.99"
08/02/2023,CARD PAYMENT TO PUREGYM,PureGym,Fitness,,59.75,"7,005.24"
08/02/2023,CARD PAYMENT TO NETFLIX,Netflix,Subscriptions,,5.01,"7,000.23"
09/02/2023,CARD PAYMENT TO JD SPORTS,JD Sports,Shopping,,40.45,"6,959.78"
09/02/2023,CARD PAYMENT TO OCTOPUS ENERGY,Octopus Energy,Utilities,,5.52,"6,954.26"
09/02/2023,CARD PAYMENT TO SAINSBURYS,Sainsburys,Groceries,,49.12,"6,905.14"
10/02/2023,CARD PAYMENT TO PUREGYM,PureGym,Fitness,,25.08,"6,880.06"
10/02/2023,CARD PAYMENT TO DECATHLON,Decathlon,Fitness,,73.61,"6,806.45"
11/02/2023,CARD PAYMENT TO VIRGIN MEDIA,Virgin Media,Utilities,,27.92,"6,778.53"
12/02/2023,CARD PAYMENT TO DECATHLON,Decathlon,Fitness,,33.54,"6,744.99"
12/02/2023,CARD PAYMENT TO PUREGYM,PureGym,Fitness,,54.68,"6,690.31"
12/02/2023,CARD PAYMENT TO TRAINLINE,Trainline,Transport,,29.36,"6,660.95"
13/02/2023,CARD PAYMENT TO TESCO,Tesco,Groceries,,40.38,"6,620.57"
13/02/2023,CARD PAYMENT TO AMAZON,Amazon,Shopping,,110.74,"6,509.83"
16/02/2023,CARD PAYMENT TO SPOTIFY,Spotify,Subscriptions,,10.37,"6,499.46"
18/02/2023,CARD PAYMENT TO SPOTIFY,Spotify,Subscriptions,,12.95,"6,486.51"
19/02/2023,CARD PAYMENT TO MORRISONS,Morrisons,Groceries,,38.5,"6,448.01"
21/02/2023,CARD PAYMENT TO APPLE,Apple,Subscriptions,,11.18,"6,436.83"
21/02/2023,CARD PAYMENT TO JD SPORTS,JD Sports,Shopping,,73.23,"6,363.60"
21/02/2023,CARD PAYMENT TO CINEWORLD,Cineworld,Recreation,,18.38,"6,345.22"
22/02/2023,CARD PAYMENT TO STEAM,Steam,Recreation,,41.47,"6,303.75"
25/02/2023,CARD PAYMENT TO MORRISONS,Morrisons,Groceries,,35.63,"6,268.12"
28/02/2023,CARD PAYMENT TO STEAM,Steam,Recreation,,40.79,"6,227.33"
28/02/2023,CARD PAYMENT TO CINEWORLD,Cineworld,Recreation,,10.71,"6,216.62"
01/03/2023,SALARY PAYMENT ACME ENGINEERING LTD,Salary,Income,2444.62,,"8,661.24"
02/03/2023,DIRECT DEBIT TO LANDLORD RENT PAYMENT,Rent,Housing,,850,"7,811.24"
02/03/2023,CARD PAYMENT TO DISNEY PLUS,Disney Plus,Subscriptions,,14.93,"7,796.31"
03/03/2023,DIRECT DEBIT TO VIRGIN MEDIA,Virgin Media,Utilities,,79.78,"7,716.53"
03/03/2023,CARD PAYMENT TO NETFLIX,Netflix,Subscriptions,,14.79,"7,701.74"
05/03/2023,DIRECT DEBIT TO VIRGIN MEDIA,Virgin Media,Utilities,,93.89,"7,607.85"
06/03/2023,CARD PAYMENT TO APPLE,Apple,Subscriptions,,14.33,"7,593.52"
07/03/2023,DIRECT DEBIT TO OCTOPUS ENERGY,Octopus Energy,Utilities,,71.25,"7,522.27"
07/03/2023,CARD PAYMENT TO TRAINLINE,Trainline,Transport,,10.82,"7,511.45"
08/03/2023,CARD PAYMENT TO COSTA COFFEE,Costa Coffee,Food & Drink,,7.53,"7,503.92"
08/03/2023,CARD PAYMENT TO DECATHLON,Decathlon,Fitness,,38.08,"7,465.84"
09/03/2023,CARD PAYMENT TO DECATHLON,Decathlon,Fitness,,48.48,"7,417.36"
11/03/2023,CARD PAYMENT TO MORRISONS,Morrisons,Groceries,,60.85,"7,356.51"
11/03/2023,CARD PAYMENT TO APPLE,Apple,Subscriptions,,12.86,"7,343.65"
14/03/2023,CARD PAYMENT TO DECATHLON,Decathlon,Fitness,,40.1,"7,303.55"
14/03/2023,CARD PAYMENT TO STEAM,Steam,Recreation,,22.77,"7,280.78"
15/03/2023,CARD PAYMENT TO NETFLIX,Netflix,Subscriptions,,13.75,"7,267.03"
15/03/2023,CARD PAYMENT TO TRAINLINE,Trainline,Transport,,43.24,"7,223.79"
16/03/2023,CARD PAYMENT TO AMAZON,Amazon,Shopping,,126.01,"7,097.78"
19/03/2023,CARD PAYMENT TO UBER EATS,Uber Eats,Food & Drink,,5.81,"7,091.97"
19/03/2023,CARD PAYMENT TO DISNEY PLUS,Disney Plus,Subscriptions,,5.51,"7,086.46"
19/03/2023,CARD PAYMENT TO CINEWORLD,Cineworld,Recreation,,19.65,"7,066.81"
27/03/2023,CARD PAYMENT TO PUREGYM,PureGym,Fitness,,73.76,"6,993.05"
28/03/2023,CARD PAYMENT TO CINEWORLD,Cineworld,Recreation,,33.35,"6,959.70"
30/03/2023,CARD PAYMENT TO CINEWORLD,Cineworld,Recreation,,44.61,"6,915.09"
30/03/2023,CARD PAYMENT TO IKEA,Ikea,Shopping,,41.72,"6,873.37"
30/03/2023,CARD PAYMENT TO GREGGS,Greggs,Food & Drink,,23.98,"6,849.39"
31/03/2023,CARD PAYMENT TO DECATHLON,Decathlon,Fitness,,79.76,"6,769.63"
31/03/2023,CARD PAYMENT TO CINEWORLD,Cineworld,Recreation,,18.9,"6,750.73"
31/03/2023,CARD PAYMENT TO PRET,Pret,Food & Drink,,29.44,"6,721.29"
01/04/2023,SALARY PAYMENT ACME ENGINEERING LTD,Salary,Income,2480.27,,"9,201.56"
01/04/2023,CARD PAYMENT TO UNITED UTILITIES,United Utilities,Utilities,,27.14,"9,174.42"
01/04/2023,CARD PAYMENT TO UNITED UTILITIES,United Utilities,Utilities,,39.59,"9,134.83"
01/04/2023,CARD PAYMENT TO SHELL,Shell,Transport,,55.46,"9,079.37"
02/04/2023,DIRECT DEBIT TO LANDLORD RENT PAYMENT,Rent,Housing,,850,"8,229.37"
02/04/2023,CARD PAYMENT TO COSTA COFFEE,Costa Coffee,Food & Drink,,4.97,"8,224.40"
03/04/2023,DIRECT DEBIT TO UNITED UTILITIES,United Utilities,Utilities,,42.54,"8,181.86"
03/04/2023,CARD PAYMENT TO ALDI,Aldi,Groceries,,16.48,"8,165.38"
03/04/2023,CARD PAYMENT TO TESCO,Tesco,Groceries,,45.88,"8,119.50"
03/04/2023,CARD PAYMENT TO STEAM,Steam,Recreation,,45,"8,074.50"
04/04/2023,CARD PAYMENT TO LIDL,Lidl,Groceries,,48.33,"8,026.17"
04/04/2023,CARD PAYMENT TO APPLE,Apple,Subscriptions,,8.98,"8,017.19"
05/04/2023,DIRECT DEBIT TO UNITED UTILITIES,United Utilities,Utilities,,79.67,"7,937.52"
06/04/2023,CARD PAYMENT TO ALDI,Aldi,Groceries,,62.39,"7,875.13"
07/04/2023,DIRECT DEBIT TO VIRGIN MEDIA,Virgin Media,Utilities,,33.48,"7,841.65"
07/04/2023,CARD PAYMENT TO IKEA,Ikea,Shopping,,81.1,"7,760.55"
07/04/2023,CARD PAYMENT TO GREGGS,Greggs,Food & Drink,,17.43,"7,743.12"
08/04/2023,CARD PAYMENT TO NANDOS,Nandos,Food & Drink,,15.41,"7,727.71"
08/04/2023,CARD PAYMENT TO WATERSTONES,Waterstones,Recreation,,20.16,"7,707.55"
10/04/2023,CARD PAYMENT TO TRAINLINE,Trainline,Transport,,44.19,"7,663.36"
10/04/2023,CARD PAYMENT TO DELIVEROO,Deliveroo,Food & Drink,,21.6,"7,641.76"
10/04/2023,CARD PAYMENT TO SPOTIFY,Spotify,Subscriptions,,16.16,"7,625.60"
11/04/2023,CARD PAYMENT TO BP,BP,Transport,,9.86,"7,615.74"
11/04/2023,CARD PAYMENT TO ASDA,Asda,Groceries,,64.79,"7,550.95"
11/04/2023,CARD PAYMENT TO UBER,Uber,Transport,,28.22,"7,522.73"
12/04/2023,CARD PAYMENT TO APPLE,Apple,Subscriptions,,17.47,"7,505.26"
12/04/2023,CARD PAYMENT TO TESCO,Tesco,Groceries,,27.34,"7,477.92"
13/04/2023,CARD PAYMENT TO ALDI,Aldi,Groceries,,14.74,"7,463.18"
14/04/2023,CARD PAYMENT TO UNITED UTILITIES,United Utilities,Utilities,,31.07,"7,432.11"
14/04/2023,CARD PAYMENT TO COSTA COFFEE,Costa Coffee,Food & Drink,,22.86,"7,409.25"
15/04/2023,CARD PAYMENT TO ALDI,Aldi,Groceries,,59.71,"7,349.54"
15/04/2023,CARD PAYMENT TO SAINSBURYS,Sainsburys,Groceries,,47.97,"7,301.57"
16/04/2023,CARD PAYMENT TO SAINSBURYS,Sainsburys,Groceries,,44.06,"7,257.51"
17/04/2023,CARD PAYMENT TO PRET,Pret,Food & Drink,,19.5,"7,238.01"
21/04/2023,CARD PAYMENT TO SHELL,Shell,Transport,,49.83,"7,188.18"
22/04/2023,CARD PAYMENT TO JD SPORTS,JD Sports,Shopping,,68.5,"7,119.68"
23/04/2023,CARD PAYMENT TO CURRYS,Currys,Shopping,,141.1,"6,978.58"
24/04/2023,CARD PAYMENT TO AMAZON,Amazon,Shopping,,34.92,"6,943.66"
25/04/2023,CARD PAYMENT TO PUREGYM,PureGym,Fitness,,61.78,"6,881.88"
26/04/2023,CARD PAYMENT TO NETFLIX,Netflix,Subscriptions,,16.81,"6,865.07"
28/04/2023,CARD PAYMENT TO NANDOS,Nandos,Food & Drink,,25.88,"6,839.19"
29/04/2023,CARD PAYMENT TO OCTOPUS ENERGY,Octopus Energy,Utilities,,44.58,"6,794.61"
29/04/2023,CARD PAYMENT TO COSTA COFFEE,Costa Coffee,Food & Drink,,3.2,"6,791.41"
29/04/2023,CARD PAYMENT TO DELIVEROO,Deliveroo,Food & Drink,,20.6,"6,770.81"
30/04/2023,CARD PAYMENT TO DECATHLON,Decathlon,Fitness,,61.54,"6,709.27"
30/04/2023,CARD PAYMENT TO BP,BP,Transport,,41.27,"6,668.00"
01/05/2023,SALARY PAYMENT ACME ENGINEERING LTD,Salary,Income,2609.23,,"9,277.23"
01/05/2023,CARD PAYMENT TO BP,BP,Transport,,39.75,"9,237.48"
01/05/2023,CARD PAYMENT TO LIDL,Lidl,Groceries,,18.26,"9,219.22"
01/05/2023,CARD PAYMENT TO SPOTIFY,Spotify,Subscriptions,,12.04,"9,207.18"
02/05/2023,DIRECT DEBIT TO LANDLORD RENT PAYMENT,Rent,Housing,,850,"8,357.18"
02/05/2023,CARD PAYMENT TO JD SPORTS,JD Sports,Shopping,,15.75,"8,341.43"
02/05/2023,CARD PAYMENT TO BP,BP,Transport,,14.11,"8,327.32"
03/05/2023,DIRECT DEBIT TO UNITED UTILITIES,United Utilities,Utilities,,93.38,"8,233.94"
04/05/2023,CARD PAYMENT TO NETFLIX,Netflix,Subscriptions,,6.42,"8,227.52"
05/05/2023,DIRECT DEBIT TO OCTOPUS ENERGY,Octopus Energy,Utilities,,32.89,"8,194.63"
05/05/2023,CARD PAYMENT TO APPLE,Apple,Subscriptions,,4.82,"8,189.81"
07/05/2023,DIRECT DEBIT TO OCTOPUS ENERGY,Octopus Energy,Utilities,,70.14,"8,119.67"
07/05/2023,CARD PAYMENT TO UBER,Uber,Transport,,21.07,"8,098.60"
08/05/2023,CARD PAYMENT TO TESCO,Tesco,Groceries,,50.2,"8,048.40"
08/05/2023,CARD PAYMENT TO OCTOPUS ENERGY,Octopus Energy,Utilities,,40.35,"8,008.05"
09/05/2023,CARD PAYMENT TO COSTA COFFEE,Costa Coffee,Food & Drink,,27.17,"7,980.88"
09/05/2023,CARD PAYMENT TO DISNEY PLUS,Disney Plus,Subscriptions,,8.71,"7,972.17"
10/05/2023,CARD PAYMENT TO SHELL,Shell,Transport,,24.96,"7,947.21"
10/05/2023,CARD PAYMENT TO STARBUCKS,Starbucks,Food & Drink,,22.92,"7,924.29"
11/05/2023,CARD PAYMENT TO PUREGYM,PureGym,Fitness,,24.41,"7,899.88"
12/05/2023,CARD PAYMENT TO ALDI,Aldi,Groceries,,16.26,"7,883.62"
12/05/2023,CARD PAYMENT TO NETFLIX,Netflix,Subscriptions,,8.2,"7,875.42"
13/05/2023,CARD PAYMENT TO NETFLIX,Netflix,Subscriptions,,12.11,"7,863.31"
14/05/2023,CARD PAYMENT TO TRAINLINE,Trainline,Transport,,14.62,"7,848.69"
16/05/2023,CARD PAYMENT TO OCTOPUS ENERGY,Octopus Energy,Utilities,,43.32,"7,805.37"
16/05/2023,CARD PAYMENT TO APPLE,Apple,Subscriptions,,4.74,"7,800.63"
17/05/2023,CARD PAYMENT TO TRAINLINE,Trainline,Transport,,39.39,"7,761.24"
19/05/2023,CARD PAYMENT TO PRET,Pret,Food & Drink,,26.14,"7,735.10"
20/05/2023,CARD PAYMENT TO UBER,Uber,Transport,,51.52,"7,683.58"
20/05/2023,CARD PAYMENT TO STEAM,Steam,Recreation,,46.5,"7,637.08"
20/05/2023,CARD PAYMENT TO BP,BP,Transport,,25.02,"7,612.06"
24/05/2023,CARD PAYMENT TO TESCO,Tesco,Groceries,,64.5,"7,547.56"
24/05/2023,CARD PAYMENT TO ALDI,Aldi,Groceries,,38.27,"7,509.29"
25/05/2023,CARD PAYMENT TO PRET,Pret,Food & Drink,,16.37,"7,492.92"
25/05/2023,CARD PAYMENT TO UBER EATS,Uber Eats,Food & Drink,,23.33,"7,469.59"
25/05/2023,CARD PAYMENT TO PUREGYM,PureGym,Fitness,,27.96,"7,441.63"
26/05/2023,CARD PAYMENT TO SHELL,Shell,Transport,,8.83,"7,432.80"
26/05/2023,CARD PAYMENT TO STEAM,Steam,Recreation,,45.17,"7,387.63"
28/05/2023,CARD PAYMENT TO NETFLIX,Netflix,Subscriptions,,15.99,"7,371.64"
28/05/2023,CARD PAYMENT TO PUREGYM,PureGym,Fitness,,67.39,"7,304.25"
28/05/2023,CARD PAYMENT TO JD SPORTS,JD Sports,Shopping,,131.14,"7,173.11"
31/05/2023,CARD PAYMENT TO AMAZON,Amazon,Shopping,,63.94,"7,109.17"
31/05/2023,CARD PAYMENT TO WATERSTONES,Waterstones,Recreation,,57.3,"7,051.87"
01/06/2023,SALARY PAYMENT ACME ENGINEERING LTD,Salary,Income,2630.09,,"9,681.96"
01/06/2023,CARD PAYMENT TO UBER EATS,Uber Eats,Food & Drink,,26.78,"9,655.18"
02/06/2023,DIRECT DEBIT TO LANDLORD RENT PAYMENT,Rent,Housing,,850,"8,805.18"
03/06/2023,DIRECT DEBIT TO UNITED UTILITIES,United Utilities,Utilities,,91.17,"8,714.01"
03/06/2023,CARD PAYMENT TO TESCO,Tesco,Groceries,,29.83,"8,684.18"
03/06/2023,CARD PAYMENT TO SPOTIFY,Spotify,Subscriptions,,7.85,"8,676.33"
05/06/2023,DIRECT DEBIT TO UNITED UTILITIES,United Utilities,Utilities,,29.69,"8,646.64"
05/06/2023,CARD PAYMENT TO VIRGIN MEDIA,Virgin Media,Utilities,,15.74,"8,630.90"
07/06/2023,DIRECT DEBIT TO UNITED UTILITIES,United Utilities,Utilities,,58.49,"8,572.41"
07/06/2023,CARD PAYMENT TO TRAINLINE,Trainline,Transport,,26.34,"8,546.07"
08/06/2023,CARD PAYMENT TO DECATHLON,Decathlon,Fitness,,23.27,"8,522.80"
09/06/2023,CARD PAYMENT TO JD SPORTS,JD Sports,Shopping,,95.23,"8,427.57"
11/06/2023,CARD PAYMENT TO CINEWORLD,Cineworld,Recreation,,41.05,"8,386.52"
13/06/2023,CARD PAYMENT TO SPOTIFY,Spotify,Subscriptions,,3.28,"8,383.24"
14/06/2023,CARD PAYMENT TO STEAM,Steam,Recreation,,15.47,"8,367.77"
15/06/2023,CARD PAYMENT TO DELIVEROO,Deliveroo,Food & Drink,,6.99,"8,360.78"
15/06/2023,CARD PAYMENT TO OCTOPUS ENERGY,Octopus Energy,Utilities,,28.43,"8,332.35"
17/06/2023,CARD PAYMENT TO PUREGYM,PureGym,Fitness,,48.43,"8,283.92"
17/06/2023,CARD PAYMENT TO DECATHLON,Decathlon,Fitness,,64.26,"8,219.66"
19/06/2023,CARD PAYMENT TO SHELL,Shell,Transport,,9.15,"8,210.51"
19/06/2023,CARD PAYMENT TO TRAINLINE,Trainline,Transport,,29.41,"8,181.10"
20/06/2023,CARD PAYMENT TO JD SPORTS,JD Sports,Shopping,,112.9,"8,068.20"
21/06/2023,CARD PAYMENT TO DISNEY PLUS,Disney Plus,Subscriptions,,11.08,"8,057.12"
21/06/2023,CARD PAYMENT TO STEAM,Steam,Recreation,,49.46,"8,007.66"
21/06/2023,CARD PAYMENT TO UBER,Uber,Transport,,27.34,"7,980.32"
22/06/2023,CARD PAYMENT TO SAINSBURYS,Sainsburys,Groceries,,28.13,"7,952.19"
22/06/2023,CARD PAYMENT TO NETFLIX,Netflix,Subscriptions,,11.9,"7,940.29"
24/06/2023,CARD PAYMENT TO OCTOPUS ENERGY,Octopus Energy,Utilities,,42.77,"7,897.52"
24/06/2023,CARD PAYMENT TO OCTOPUS ENERGY,Octopus Energy,Utilities,,15.71,"7,881.81"
26/06/2023,CARD PAYMENT TO VIRGIN MEDIA,Virgin Media,Utilities,,16.72,"7,865.09"
27/06/2023,CARD PAYMENT TO SHELL,Shell,Transport,,42.61,"7,822.48"
28/06/2023,CARD PAYMENT TO VIRGIN MEDIA,Virgin Media,Utilities,,25.18,"7,797.30"
28/06/2023,CARD PAYMENT TO UNITED UTILITIES,United Utilities,Utilities,,18.57,"7,778.73"
30/06/2023,CARD PAYMENT TO NETFLIX,Netflix,Subscriptions,,17.16,"7,761.57"
30/06/2023,CARD PAYMENT TO CURRYS,Currys,Shopping,,15.71,"7,745.86"
01/07/2023,SALARY PAYMENT ACME ENGINEERING LTD,Salary,Income,2790.24,,"10,536.10"
01/07/2023,CARD PAYMENT TO CINEWORLD,Cineworld,Recreation,,54.8,"10,481.30"
02/07/2023,DIRECT DEBIT TO LANDLORD RENT PAYMENT,Rent,Housing,,850,"9,631.30"
03/07/2023,DIRECT DEBIT TO UNITED UTILITIES,United Utilities,Utilities,,88.48,"9,542.82"
03/07/2023,CARD PAYMENT TO AMAZON,Amazon,Shopping,,135.72,"9,407.10"
03/07/2023,CARD PAYMENT TO SAINSBURYS,Sainsburys,Groceries,,46.65,"9,360.45"
03/07/2023,CARD PAYMENT TO GREGGS,Greggs,Food & Drink,,3.67,"9,356.78"
04/07/2023,CARD PAYMENT TO DISNEY PLUS,Disney Plus,Subscriptions,,3.48,"9,353.30"
05/07/2023,DIRECT DEBIT TO OCTOPUS ENERGY,Octopus Energy,Utilities,,67.57,"9,285.73"
06/07/2023,CARD PAYMENT TO STEAM,Steam,Recreation,,11.13,"9,274.60"
07/07/2023,DIRECT DEBIT TO UNITED UTILITIES,United Utilities,Utilities,,84.46,"9,190.14"
08/07/2023,CARD PAYMENT TO UBER,Uber,Transport,,24.52,"9,165.62"
10/07/2023,CARD PAYMENT TO PUREGYM,PureGym,Fitness,,62.96,"9,102.66"
10/07/2023,CARD PAYMENT TO DECATHLON,Decathlon,Fitness,,43.17,"9,059.49"
12/07/2023,CARD PAYMENT TO IKEA,Ikea,Shopping,,65.83,"8,993.66"
12/07/2023,CARD PAYMENT TO SPOTIFY,Spotify,Subscriptions,,5.45,"8,988.21"
13/07/2023,CARD PAYMENT TO DECATHLON,Decathlon,Fitness,,37.32,"8,950.89"
13/07/2023,CARD PAYMENT TO DECATHLON,Decathlon,Fitness,,28.37,"8,922.52"
15/07/2023,CARD PAYMENT TO TRAINLINE,Trainline,Transport,,32.68,"8,889.84"
16/07/2023,CARD PAYMENT TO UBER EATS,Uber Eats,Food & Drink,,23.42,"8,866.42"
16/07/2023,CARD PAYMENT TO COSTA COFFEE,Costa Coffee,Food & Drink,,14.06,"8,852.36"
17/07/2023,CARD PAYMENT TO PUREGYM,PureGym,Fitness,,53.35,"8,799.01"
18/07/2023,CARD PAYMENT TO BP,BP,Transport,,51.28,"8,747.73"
19/07/2023,CARD PAYMENT TO SPOTIFY,Spotify,Subscriptions,,15.16,"8,732.57"
20/07/2023,CARD PAYMENT TO CINEWORLD,Cineworld,Recreation,,37.96,"8,694.61"
21/07/2023,CARD PAYMENT TO SHELL,Shell,Transport,,49.14,"8,645.47"
21/07/2023,CARD PAYMENT TO VIRGIN MEDIA,Virgin Media,Utilities,,18.51,"8,626.96"
21/07/2023,CARD PAYMENT TO SPOTIFY,Spotify,Subscriptions,,12.46,"8,614.50"
22/07/2023,CARD PAYMENT TO PUREGYM,PureGym,Fitness,,49.51,"8,564.99"
22/07/2023,CARD PAYMENT TO SHELL,Shell,Transport,,14.21,"8,550.78"
23/07/2023,CARD PAYMENT TO SPOTIFY,Spotify,Subscriptions,,11.58,"8,539.20"
23/07/2023,CARD PAYMENT TO JD SPORTS,JD Sports,Shopping,,108.32,"8,430.88"
24/07/2023,CARD PAYMENT TO SPOTIFY,Spotify,Subscriptions,,7.97,"8,422.91"
26/07/2023,CARD PAYMENT TO UNITED UTILITIES,United Utilities,Utilities,,7.63,"8,415.28"
26/07/2023,CARD PAYMENT TO JD SPORTS,JD Sports,Shopping,,159.92,"8,255.36"
27/07/2023,CARD PAYMENT TO CURRYS,Currys,Shopping,,23.73,"8,231.63"
28/07/2023,CARD PAYMENT TO DECATHLON,Decathlon,Fitness,,22.92,"8,208.71"
28/07/2023,CARD PAYMENT TO WATERSTONES,Waterstones,Recreation,,41.95,"8,166.76"
30/07/2023,CARD PAYMENT TO OCTOPUS ENERGY,Octopus Energy,Utilities,,31.94,"8,134.82"
01/08/2023,SALARY PAYMENT ACME ENGINEERING LTD,Salary,Income,2529.04,,"10,663.86"
01/08/2023,CARD PAYMENT TO CINEWORLD,Cineworld,Recreation,,44.27,"10,619.59"
01/08/2023,CARD PAYMENT TO AMAZON,Amazon,Shopping,,103.18,"10,516.41"
02/08/2023,DIRECT DEBIT TO LANDLORD RENT PAYMENT,Rent,Housing,,850,"9,666.41"
02/08/2023,CARD PAYMENT TO OCTOPUS ENERGY,Octopus Energy,Utilities,,11.16,"9,655.25"
02/08/2023,CARD PAYMENT TO CINEWORLD,Cineworld,Recreation,,48.94,"9,606.31"
03/08/2023,DIRECT DEBIT TO VIRGIN MEDIA,Virgin Media,Utilities,,48.82,"9,557.49"
03/08/2023,CARD PAYMENT TO STARBUCKS,Starbucks,Food & Drink,,7.17,"9,550.32"
04/08/2023,CARD PAYMENT TO SHELL,Shell,Transport,,29.7,"9,520.62"
05/08/2023,DIRECT DEBIT TO OCTOPUS ENERGY,Octopus Energy,Utilities,,33.16,"9,487.46"
05/08/2023,CARD PAYMENT TO ALDI,Aldi,Groceries,,27.85,"9,459.61"
06/08/2023,CARD PAYMENT TO VIRGIN MEDIA,Virgin Media,Utilities,,45.04,"9,414.57"
07/08/2023,DIRECT DEBIT TO UNITED UTILITIES,United Utilities,Utilities,,78.45,"9,336.12"
07/08/2023,CARD PAYMENT TO UNITED UTILITIES,United Utilities,Utilities,,18.71,"9,317.41"
07/08/2023,CARD PAYMENT TO STARBUCKS,Starbucks,Food & Drink,,6.48,"9,310.93"
08/08/2023,CARD PAYMENT TO TRAINLINE,Trainline,Transport,,14.52,"9,296.41"
09/08/2023,CARD PAYMENT TO PRET,Pret,Food & Drink,,21.65,"9,274.76"
13/08/2023,CARD PAYMENT TO PUREGYM,PureGym,Fitness,,31.78,"9,242.98"
13/08/2023,CARD PAYMENT TO ASDA,Asda,Groceries,,37.27,"9,205.71"
13/08/2023,CARD PAYMENT TO ALDI,Aldi,Groceries,,14.78,"9,190.93"
14/08/2023,CARD PAYMENT TO TESCO,Tesco,Groceries,,25.19,"9,165.74"
14/08/2023,CARD PAYMENT TO TESCO,Tesco,Groceries,,52.6,"9,113.14"
16/08/2023,CARD PAYMENT TO UNITED UTILITIES,United Utilities,Utilities,,20.82,"9,092.32"
18/08/2023,CARD PAYMENT TO WATERSTONES,Waterstones,Recreation,,27.39,"9,064.93"
24/08/2023,CARD PAYMENT TO TRAINLINE,Trainline,Transport,,16.93,"9,048.00"
28/08/2023,CARD PAYMENT TO CURRYS,Currys,Shopping,,87.54,"8,960.46"
28/08/2023,CARD PAYMENT TO STARBUCKS,Starbucks,Food & Drink,,25.54,"8,934.92"
28/08/2023,CARD PAYMENT TO DECATHLON,Decathlon,Fitness,,32.86,"8,902.06"
29/08/2023,CARD PAYMENT TO PUREGYM,PureGym,Fitness,,65.68,"8,836.38"
30/08/2023,CARD PAYMENT TO PRET,Pret,Food & Drink,,5.98,"8,830.40"
30/08/2023,CARD PAYMENT TO VIRGIN MEDIA,Virgin Media,Utilities,,39.3,"8,791.10"
31/08/2023,CARD PAYMENT TO TESCO,Tesco,Groceries,,26.7,"8,764.40"
01/09/2023,SALARY PAYMENT ACME ENGINEERING LTD,Salary,Income,2446.29,,"11,210.69"
01/09/2023,CARD PAYMENT TO DISNEY PLUS,Disney Plus,Subscriptions,,12.99,"11,197.70"
01/09/2023,CARD PAYMENT TO NETFLIX,Netflix,Subscriptions,,10.86,"11,186.84"
02/09/2023,DIRECT DEBIT TO LANDLORD RENT PAYMENT,Rent,Housing,,850,"10,336.84"
02/09/2023,CARD PAYMENT TO PUREGYM,PureGym,Fitness,,71.41,"10,265.43"
02/09/2023,CARD PAYMENT TO DISNEY PLUS,Disney Plus,Subscriptions,,4.87,"10,260.56"
03/09/2023,DIRECT DEBIT TO UNITED UTILITIES,United Utilities,Utilities,,59.42,"10,201.14"
04/09/2023,CARD PAYMENT TO SPOTIFY,Spotify,Subscriptions,,3.91,"10,197.23"
04/09/2023,CARD PAYMENT TO DECATHLON,Decathlon,Fitness,,61.7,"10,135.53"
04/09/2023,CARD PAYMENT TO DELIVEROO,Deliveroo,Food & Drink,,27.98,"10,107.55"
05/09/2023,DIRECT DEBIT TO OCTOPUS ENERGY,Octopus Energy,Utilities,,29.53,"10,078.02"
05/09/2023,CARD PAYMENT TO CURRYS,Currys,Shopping,,113.17,"9,964.85"
06/09/2023,CARD PAYMENT TO STARBUCKS,Starbucks,Food & Drink,,25.63,"9,939.22"
06/09/2023,CARD PAYMENT TO DISNEY PLUS,Disney Plus,Subscriptions,,14.24,"9,924.98"
07/09/2023,DIRECT DEBIT TO UNITED UTILITIES,United Utilities,Utilities,,44.11,"9,880.87"
07/09/2023,CARD PAYMENT TO JD SPORTS,JD Sports,Shopping,,125,"9,755.87"
07/09/2023,CARD PAYMENT TO DECATHLON,Decathlon,Fitness,,50.68,"9,705.19"
07/09/2023,CARD PAYMENT TO VIRGIN MEDIA,Virgin Media,Utilities,,9.86,"9,695.33"
08/09/2023,CARD PAYMENT TO APPLE,Apple,Subscriptions,,5.69,"9,689.64"
08/09/2023,CARD PAYMENT TO OCTOPUS ENERGY,Octopus Energy,Utilities,,9.48,"9,680.16"
11/09/2023,CARD PAYMENT TO SAINSBURYS,Sainsburys,Groceries,,29.81,"9,650.35"
11/09/2023,CARD PAYMENT TO CURRYS,Currys,Shopping,,64.95,"9,585.40"
14/09/2023,CARD PAYMENT TO NETFLIX,Netflix,Subscriptions,,6.7,"9,578.70"
14/09/2023,CARD PAYMENT TO APPLE,Apple,Subscriptions,,10.08,"9,568.62"
18/09/2023,CARD PAYMENT TO PRET,Pret,Food & Drink,,15.15,"9,553.47"
18/09/2023,CARD PAYMENT TO DECATHLON,Decathlon,Fitness,,47.58,"9,505.89"
18/09/2023,CARD PAYMENT TO SAINSBURYS,Sainsburys,Groceries,,39.73,"9,466.16"
19/09/2023,CARD PAYMENT TO VIRGIN MEDIA,Virgin Media,Utilities,,24.38,"9,441.78"
19/09/2023,CARD PAYMENT TO WATERSTONES,Waterstones,Recreation,,29.45,"9,412.33"
22/09/2023,CARD PAYMENT TO NETFLIX,Netflix,Subscriptions,,10.11,"9,402.22"
22/09/2023,CARD PAYMENT TO DECATHLON,Decathlon,Fitness,,49.68,"9,352.54"
22/09/2023,CARD PAYMENT TO DECATHLON,Decathlon,Fitness,,65.99,"9,286.55"
23/09/2023,CARD PAYMENT TO AMAZON,Amazon,Shopping,,19.64,"9,266.91"
23/09/2023,CARD PAYMENT TO SAINSBURYS,Sainsburys,Groceries,,55.71,"9,211.20"
24/09/2023,CARD PAYMENT TO ASDA,Asda,Groceries,,27.45,"9,183.75"
26/09/2023,CARD PAYMENT TO IKEA,Ikea,Shopping,,82.97,"9,100.78"
26/09/2023,CARD PAYMENT TO ASDA,Asda,Groceries,,21.92,"9,078.86"
26/09/2023,CARD PAYMENT TO TRAINLINE,Trainline,Transport,,38.81,"9,040.05"
28/09/2023,CARD PAYMENT TO GREGGS,Greggs,Food & Drink,,7.58,"9,032.47"
29/09/2023,CARD PAYMENT TO ALDI,Aldi,Groceries,,45.49,"8,986.98"
29/09/2023,CARD PAYMENT TO DECATHLON,Decathlon,Fitness,,36,"8,950.98"
30/09/2023,CARD PAYMENT TO MORRISONS,Morrisons,Groceries,,29.53,"8,921.45"
30/09/2023,CARD PAYMENT TO DECATHLON,Decathlon,Fitness,,54.35,"8,867.10"
01/10/2023,SALARY PAYMENT ACME ENGINEERING LTD,Salary,Income,2723.33,,"11,590.43"
02/10/2023,DIRECT DEBIT TO LANDLORD RENT PAYMENT,Rent,Housing,,850,"10,740.43"
02/10/2023,CARD PAYMENT TO JD SPORTS,JD Sports,Shopping,,97.96,"10,642.47"
03/10/2023,DIRECT DEBIT TO UNITED UTILITIES,United Utilities,Utilities,,48.77,"10,593.70"
03/10/2023,CARD PAYMENT TO JD SPORTS,JD Sports,Shopping,,48.29,"10,545.41"
03/10/2023,CARD PAYMENT TO NANDOS,Nandos,Food & Drink,,25.96,"10,519.45"
04/10/2023,CARD PAYMENT TO CINEWORLD,Cineworld,Recreation,,12.38,"10,507.07"
05/10/2023,DIRECT DEBIT TO UNITED UTILITIES,United Utilities,Utilities,,53.14,"10,453.93"
07/10/2023,DIRECT DEBIT TO UNITED UTILITIES,United Utilities,Utilities,,84.09,"10,369.84"
08/10/2023,CARD PAYMENT TO STEAM,Steam,Recreation,,38.32,"10,331.52"
09/10/2023,CARD PAYMENT TO PUREGYM,PureGym,Fitness,,40.84,"10,290.68"
09/10/2023,CARD PAYMENT TO DELIVEROO,Deliveroo,Food & Drink,,25.24,"10,265.44"
10/10/2023,CARD PAYMENT TO DECATHLON,Decathlon,Fitness,,32,"10,233.44"
10/10/2023,CARD PAYMENT TO DECATHLON,Decathlon,Fitness,,57.5,"10,175.94"
11/10/2023,CARD PAYMENT TO OCTOPUS ENERGY,Octopus Energy,Utilities,,33.25,"10,142.69"
13/10/2023,CARD PAYMENT TO UBER,Uber,Transport,,21.93,"10,120.76"
14/10/2023,CARD PAYMENT TO LIDL,Lidl,Groceries,,19.44,"10,101.32"
14/10/2023,CARD PAYMENT TO NETFLIX,Netflix,Subscriptions,,5.85,"10,095.47"
15/10/2023,CARD PAYMENT TO DECATHLON,Decathlon,Fitness,,39.12,"10,056.35"
15/10/2023,CARD PAYMENT TO DELIVEROO,Deliveroo,Food & Drink,,8.5,"10,047.85"
16/10/2023,CARD PAYMENT TO CINEWORLD,Cineworld,Recreation,,42.3,"10,005.55"
16/10/2023,CARD PAYMENT TO WATERSTONES,Waterstones,Recreation,,40.06,"9,965.49"
16/10/2023,CARD PAYMENT TO PUREGYM,PureGym,Fitness,,26.81,"9,938.68"
17/10/2023,CARD PAYMENT TO SAINSBURYS,Sainsburys,Groceries,,53.43,"9,885.25"
18/10/2023,CARD PAYMENT TO APPLE,Apple,Subscriptions,,10.96,"9,874.29"
18/10/2023,CARD PAYMENT TO DECATHLON,Decathlon,Fitness,,58.82,"9,815.47"
20/10/2023,CARD PAYMENT TO VIRGIN MEDIA,Virgin Media,Utilities,,11.14,"9,804.33"
21/10/2023,CARD PAYMENT TO WATERSTONES,Waterstones,Recreation,,37.54,"9,766.79"
21/10/2023,CARD PAYMENT TO ASDA,Asda,Groceries,,35.69,"9,731.10"
25/10/2023,CARD PAYMENT TO STEAM,Steam,Recreation,,55.03,"9,676.07"
26/10/2023,CARD PAYMENT TO AMAZON,Amazon,Shopping,,80.49,"9,595.58"
26/10/2023,CARD PAYMENT TO OCTOPUS ENERGY,Octopus Energy,Utilities,,10.04,"9,585.54"
28/10/2023,CARD PAYMENT TO SPOTIFY,Spotify,Subscriptions,,5.81,"9,579.73"
28/10/2023,CARD PAYMENT TO NANDOS,Nandos,Food & Drink,,24.78,"9,554.95"
29/10/2023,CARD PAYMENT TO PUREGYM,PureGym,Fitness,,76.13,"9,478.82"
30/10/2023,CARD PAYMENT TO OCTOPUS ENERGY,Octopus Energy,Utilities,,12.88,"9,465.94"
31/10/2023,CARD PAYMENT TO APPLE,Apple,Subscriptions,,6.07,"9,459.87"
01/11/2023,SALARY PAYMENT ACME ENGINEERING LTD,Salary,Income,2422.37,,"11,882.24"
01/11/2023,CARD PAYMENT TO GREGGS,Greggs,Food & Drink,,17.74,"11,864.50"
01/11/2023,CARD PAYMENT TO NETFLIX,Netflix,Subscriptions,,17.41,"11,847.09"
02/11/2023,DIRECT DEBIT TO LANDLORD RENT PAYMENT,Rent,Housing,,850,"10,997.09"
02/11/2023,CARD PAYMENT TO JD SPORTS,JD Sports,Shopping,,133.09,"10,864.00"
03/11/2023,DIRECT DEBIT TO VIRGIN MEDIA,Virgin Media,Utilities,,26.48,"10,837.52"
05/11/2023,DIRECT DEBIT TO UNITED UTILITIES,United Utilities,Utilities,,89.22,"10,748.30"
05/11/2023,CARD PAYMENT TO WATERSTONES,Waterstones,Recreation,,29.23,"10,719.07"
06/11/2023,CARD PAYMENT TO UBER EATS,Uber Eats,Food & Drink,,26.41,"10,692.66"
06/11/2023,CARD PAYMENT TO APPLE,Apple,Subscriptions,,2.13,"10,690.53"
07/11/2023,DIRECT DEBIT TO VIRGIN MEDIA,Virgin Media,Utilities,,89.93,"10,600.60"
07/11/2023,CARD PAYMENT TO STEAM,Steam,Recreation,,56.82,"10,543.78"
07/11/2023,CARD PAYMENT TO TRAINLINE,Trainline,Transport,,18.94,"10,524.84"
08/11/2023,CARD PAYMENT TO DISNEY PLUS,Disney Plus,Subscriptions,,16.07,"10,508.77"
09/11/2023,CARD PAYMENT TO MORRISONS,Morrisons,Groceries,,57.39,"10,451.38"
09/11/2023,CARD PAYMENT TO APPLE,Apple,Subscriptions,,13.79,"10,437.59"
09/11/2023,CARD PAYMENT TO JD SPORTS,JD Sports,Shopping,,159.67,"10,277.92"
11/11/2023,CARD PAYMENT TO WATERSTONES,Waterstones,Recreation,,13.32,"10,264.60"
12/11/2023,CARD PAYMENT TO JD SPORTS,JD Sports,Shopping,,129.71,"10,134.89"
14/11/2023,CARD PAYMENT TO NETFLIX,Netflix,Subscriptions,,2.05,"10,132.84"
15/11/2023,CARD PAYMENT TO CINEWORLD,Cineworld,Recreation,,38.79,"10,094.05"
17/11/2023,CARD PAYMENT TO BP,BP,Transport,,52.04,"10,042.01"
18/11/2023,CARD PAYMENT TO JD SPORTS,JD Sports,Shopping,,93.93,"9,948.08"
18/11/2023,CARD PAYMENT TO VIRGIN MEDIA,Virgin Media,Utilities,,12.81,"9,935.27"
19/11/2023,CARD PAYMENT TO STEAM,Steam,Recreation,,14.22,"9,921.05"
19/11/2023,CARD PAYMENT TO CURRYS,Currys,Shopping,,79.93,"9,841.12"
20/11/2023,CARD PAYMENT TO SHELL,Shell,Transport,,57.3,"9,783.82"
21/11/2023,CARD PAYMENT TO PRET,Pret,Food & Drink,,8.35,"9,775.47"
22/11/2023,CARD PAYMENT TO ALDI,Aldi,Groceries,,43.23,"9,732.24"
23/11/2023,CARD PAYMENT TO OCTOPUS ENERGY,Octopus Energy,Utilities,,48.11,"9,684.13"
23/11/2023,CARD PAYMENT TO UNITED UTILITIES,United Utilities,Utilities,,10.28,"9,673.85"
24/11/2023,CARD PAYMENT TO APPLE,Apple,Subscriptions,,3.9,"9,669.95"
24/11/2023,CARD PAYMENT TO BP,BP,Transport,,57.19,"9,612.76"
24/11/2023,CARD PAYMENT TO CINEWORLD,Cineworld,Recreation,,47.32,"9,565.44"
25/11/2023,CARD PAYMENT TO VIRGIN MEDIA,Virgin Media,Utilities,,43.54,"9,521.90"
25/11/2023,CARD PAYMENT TO TRAINLINE,Trainline,Transport,,45.79,"9,476.11"
26/11/2023,CARD PAYMENT TO PUREGYM,PureGym,Fitness,,44.51,"9,431.60"
27/11/2023,CARD PAYMENT TO MORRISONS,Morrisons,Groceries,,63.64,"9,367.96"
29/11/2023,CARD PAYMENT TO TRAINLINE,Trainline,Transport,,38.31,"9,329.65"
29/11/2023,CARD PAYMENT TO SPOTIFY,Spotify,Subscriptions,,2.17,"9,327.48"
29/11/2023,CARD PAYMENT TO VIRGIN MEDIA,Virgin Media,Utilities,,48.85,"9,278.63"
30/11/2023,CARD PAYMENT TO UBER,Uber,Transport,,44.84,"9,233.79"
30/11/2023,CARD PAYMENT TO STEAM,Steam,Recreation,,14.76,"9,219.03"
01/12/2023,SALARY PAYMENT ACME ENGINEERING LTD,Salary,Income,2423.5,,"11,642.53"
01/12/2023,CARD PAYMENT TO UBER,Uber,Transport,,55.23,"11,587.30"
02/12/2023,DIRECT DEBIT TO LANDLORD RENT PAYMENT,Rent,Housing,,850,"10,737.30"
03/12/2023,DIRECT DEBIT TO OCTOPUS ENERGY,Octopus Energy,Utilities,,42.76,"10,694.54"
03/12/2023,CARD PAYMENT TO CINEWORLD,Cineworld,Recreation,,43.56,"10,650.98"
03/12/2023,CARD PAYMENT TO UNITED UTILITIES,United Utilities,Utilities,,6.85,"10,644.13"
03/12/2023,CARD PAYMENT TO VIRGIN MEDIA,Virgin Media,Utilities,,12.64,"10,631.49"
04/12/2023,CARD PAYMENT TO JD SPORTS,JD Sports,Shopping,,36.77,"10,594.72"
04/12/2023,CARD PAYMENT TO JD SPORTS,JD Sports,Shopping,,38.4,"10,556.32"
04/12/2023,CARD PAYMENT TO GREGGS,Greggs,Food & Drink,,4.19,"10,552.13"
05/12/2023,DIRECT DEBIT TO OCTOPUS ENERGY,Octopus Energy,Utilities,,59.94,"10,492.19"
05/12/2023,CARD PAYMENT TO JD SPORTS,JD Sports,Shopping,,61.68,"10,430.51"
05/12/2023,CARD PAYMENT TO WATERSTONES,Waterstones,Recreation,,51.48,"10,379.03"
06/12/2023,CARD PAYMENT TO JD SPORTS,JD Sports,Shopping,,162.29,"10,216.74"
07/12/2023,DIRECT DEBIT TO VIRGIN MEDIA,Virgin Media,Utilities,,76.58,"10,140.16"
07/12/2023,CARD PAYMENT TO UNITED UTILITIES,United Utilities,Utilities,,43.39,"10,096.77"
07/12/2023,CARD PAYMENT TO SPOTIFY,Spotify,Subscriptions,,5.02,"10,091.75"
07/12/2023,CARD PAYMENT TO SAINSBURYS,Sainsburys,Groceries,,18.44,"10,073.31"
08/12/2023,CARD PAYMENT TO STEAM,Steam,Recreation,,45.3,"10,028.01"
08/12/2023,CARD PAYMENT TO PUREGYM,PureGym,Fitness,,79.71,"9,948.30"
08/12/2023,CARD PAYMENT TO SPOTIFY,Spotify,Subscriptions,,9.06,"9,939.24"
09/12/2023,CARD PAYMENT TO APPLE,Apple,Subscriptions,,3.8,"9,935.44"
09/12/2023,CARD PAYMENT TO OCTOPUS ENERGY,Octopus Energy,Utilities,,20.73,"9,914.71"
09/12/2023,CARD PAYMENT TO TRAINLINE,Trainline,Transport,,17.39,"9,897.32"
14/12/2023,CARD PAYMENT TO PUREGYM,PureGym,Fitness,,34.77,"9,862.55"
15/12/2023,CARD PAYMENT TO GREGGS,Greggs,Food & Drink,,3.7,"9,858.85"
15/12/2023,CARD PAYMENT TO PRET,Pret,Food & Drink,,13.09,"9,845.76"
15/12/2023,CARD PAYMENT TO NANDOS,Nandos,Food & Drink,,11.74,"9,834.02"
18/12/2023,CARD PAYMENT TO APPLE,Apple,Subscriptions,,12.05,"9,821.97"
18/12/2023,CARD PAYMENT TO WATERSTONES,Waterstones,Recreation,,42.9,"9,779.07"
18/12/2023,CARD PAYMENT TO AMAZON,Amazon,Shopping,,123.27,"9,655.80"
19/12/2023,CARD PAYMENT TO CURRYS,Currys,Shopping,,49.88,"9,605.92"
19/12/2023,CARD PAYMENT TO ASDA,Asda,Groceries,,24.13,"9,581.79"
19/12/2023,CARD PAYMENT TO ASDA,Asda,Groceries,,12.03,"9,569.76"
20/12/2023,CARD PAYMENT TO PRET,Pret,Food & Drink,,9.89,"9,559.87"
20/12/2023,CARD PAYMENT TO UBER,Uber,Transport,,12.64,"9,547.23"
20/12/2023,CARD PAYMENT TO BP,BP,Transport,,28.2,"9,519.03"
21/12/2023,CARD PAYMENT TO WATERSTONES,Waterstones,Recreation,,47.63,"9,471.40"
21/12/2023,CARD PAYMENT TO OCTOPUS ENERGY,Octopus Energy,Utilities,,18.43,"9,452.97"
21/12/2023,CARD PAYMENT TO DECATHLON,Decathlon,Fitness,,74.22,"9,378.75"
22/12/2023,CARD PAYMENT TO AMAZON,Amazon,Shopping,,152.29,"9,226.46"
23/12/2023,CARD PAYMENT TO APPLE,Apple,Subscriptions,,16.17,"9,210.29"
24/12/2023,CARD PAYMENT TO WATERSTONES,Waterstones,Recreation,,40.02,"9,170.27"
24/12/2023,CARD PAYMENT TO NANDOS,Nandos,Food & Drink,,14.41,"9,155.86"
24/12/2023,CARD PAYMENT TO CURRYS,Currys,Shopping,,86.63,"9,069.23"
25/12/2023,CARD PAYMENT TO COSTA COFFEE,Costa Coffee,Food & Drink,,16.86,"9,052.37"
25/12/2023,CARD PAYMENT TO NETFLIX,Netflix,Subscriptions,,12.36,"9,040.01"
25/12/2023,CARD PAYMENT TO VIRGIN MEDIA,Virgin Media,Utilities,,28.73,"9,011.28"
27/12/2023,CARD PAYMENT TO APPLE,Apple,Subscriptions,,3.27,"9,008.01"
27/12/2023,CARD PAYMENT TO DISNEY PLUS,Disney Plus,Subscriptions,,4.38,"9,003.63"
28/12/2023,CARD PAYMENT TO STEAM,Steam,Recreation,,36.15,"8,967.48"
29/12/2023,CARD PAYMENT TO LIDL,Lidl,Groceries,,12.36,"8,955.12"
01/01/2024,SALARY PAYMENT ACME ENGINEERING LTD,Salary,Income,2604.26,,"11,559.38"
01/01/2024,CARD PAYMENT TO PRET,Pret,Food & Drink,,20.84,"11,538.54"
01/01/2024,CARD PAYMENT TO CINEWORLD,Cineworld,Recreation,,22.74,"11,515.80"
02/01/2024,DIRECT DEBIT TO LANDLORD RENT PAYMENT,Rent,Housing,,850,"10,665.80"
03/01/2024,DIRECT DEBIT TO UNITED UTILITIES,United Utilities,Utilities,,26.14,"10,639.66"
03/01/2024,CARD PAYMENT TO OCTOPUS ENERGY,Octopus Energy,Utilities,,42.93,"10,596.73"
03/01/2024,CARD PAYMENT TO TESCO,Tesco,Groceries,,31.73,"10,565.00"
03/01/2024,CARD PAYMENT TO CINEWORLD,Cineworld,Recreation,,39.36,"10,525.64"
04/01/2024,CARD PAYMENT TO DISNEY PLUS,Disney Plus,Subscriptions,,7.46,"10,518.18"
04/01/2024,CARD PAYMENT TO OCTOPUS ENERGY,Octopus Energy,Utilities,,13.33,"10,504.85"
05/01/2024,DIRECT DEBIT TO VIRGIN MEDIA,Virgin Media,Utilities,,86.01,"10,418.84"
06/01/2024,CARD PAYMENT TO TESCO,Tesco,Groceries,,30.51,"10,388.33"
06/01/2024,CARD PAYMENT TO SAINSBURYS,Sainsburys,Groceries,,45.38,"10,342.95"
07/01/2024,DIRECT DEBIT TO VIRGIN MEDIA,Virgin Media,Utilities,,73.43,"10,269.52"
07/01/2024,CARD PAYMENT TO WATERSTONES,Waterstones,Recreation,,50.66,"10,218.86"
07/01/2024,CARD PAYMENT TO JD SPORTS,JD Sports,Shopping,,147.77,"10,071.09"
09/01/2024,CARD PAYMENT TO OCTOPUS ENERGY,Octopus Energy,Utilities,,13.59,"10,057.50"
11/01/2024,CARD PAYMENT TO SAINSBURYS,Sainsburys,Groceries,,35.42,"10,022.08"
12/01/2024,CARD PAYMENT TO UBER,Uber,Transport,,51.79,"9,970.29"
13/01/2024,CARD PAYMENT TO GREGGS,Greggs,Food & Drink,,23.78,"9,946.51"
14/01/2024,CARD PAYMENT TO APPLE,Apple,Subscriptions,,2.35,"9,944.16"
15/01/2024,CARD PAYMENT TO UNITED UTILITIES,United Utilities,Utilities,,36.62,"9,907.54"
16/01/2024,CARD PAYMENT TO SPOTIFY,Spotify,Subscriptions,,15.76,"9,891.78"
16/01/2024,CARD PAYMENT TO BP,BP,Transport,,23.33,"9,868.45"
17/01/2024,CARD PAYMENT TO MORRISONS,Morrisons,Groceries,,8.45,"9,860.00"
17/01/2024,CARD PAYMENT TO DECATHLON,Decathlon,Fitness,,70.92,"9,789.08"
18/01/2024,CARD PAYMENT TO ALDI,Aldi,Groceries,,30.78,"9,758.30"
19/01/2024,CARD PAYMENT TO SHELL,Shell,Transport,,35.47,"9,722.83"
19/01/2024,CARD PAYMENT TO DECATHLON,Decathlon,Fitness,,53.2,"9,669.63"
19/01/2024,CARD PAYMENT TO WATERSTONES,Waterstones,Recreation,,30.86,"9,638.77"
20/01/2024,CARD PAYMENT TO PRET,Pret,Food & Drink,,19.81,"9,618.96"
20/01/2024,CARD PAYMENT TO JD SPORTS,JD Sports,Shopping,,130.09,"9,488.87"
20/01/2024,CARD PAYMENT TO SAINSBURYS,Sainsburys,Groceries,,24.42,"9,464.45"
21/01/2024,CARD PAYMENT TO DISNEY PLUS,Disney Plus,Subscriptions,,9.01,"9,455.44"
23/01/2024,CARD PAYMENT TO NETFLIX,Netflix,Subscriptions,,16.13,"9,439.31"
24/01/2024,CARD PAYMENT TO DECATHLON,Decathlon,Fitness,,67.76,"9,371.55"
24/01/2024,CARD PAYMENT TO UNITED UTILITIES,United Utilities,Utilities,,14.32,"9,357.23"
24/01/2024,CARD PAYMENT TO DELIVEROO,Deliveroo,Food & Drink,,16.04,"9,341.19"
25/01/2024,CARD PAYMENT TO BP,BP,Transport,,39.5,"9,301.69"
27/01/2024,CARD PAYMENT TO DISNEY PLUS,Disney Plus,Subscriptions,,5.76,"9,295.93"
27/01/2024,CARD PAYMENT TO TESCO,Tesco,Groceries,,28.45,"9,267.48"
28/01/2024,CARD PAYMENT TO CURRYS,Currys,Shopping,,43.83,"9,223.65"
31/01/2024,CARD PAYMENT TO PUREGYM,PureGym,Fitness,,57.05,"9,166.60"
31/01/2024,CARD PAYMENT TO UBER EATS,Uber Eats,Food & Drink,,9.05,"9,157.55"
01/02/2024,SALARY PAYMENT ACME ENGINEERING LTD,Salary,Income,2503.13,,"11,660.68"
01/02/2024,CARD PAYMENT TO AMAZON,Amazon,Shopping,,142.07,"11,518.61"
02/02/2024,DIRECT DEBIT TO LANDLORD RENT PAYMENT,Rent,Housing,,850,"10,668.61"
02/02/2024,CARD PAYMENT TO UNITED UTILITIES,United Utilities,Utilities,,44.32,"10,624.29"
03/02/2024,DIRECT DEBIT TO UNITED UTILITIES,United Utilities,Utilities,,32.29,"10,592.00"
04/02/2024,CARD PAYMENT TO SPOTIFY,Spotify,Subscriptions,,17.59,"10,574.41"
05/02/2024,DIRECT DEBIT TO OCTOPUS ENERGY,Octopus Energy,Utilities,,82.65,"10,491.76"
07/02/2024,DIRECT DEBIT TO OCTOPUS ENERGY,Octopus Energy,Utilities,,69.09,"10,422.67"
07/02/2024,CARD PAYMENT TO CURRYS,Currys,Shopping,,135.18,"10,287.49"
08/02/2024,CARD PAYMENT TO SPOTIFY,Spotify,Subscriptions,,4.47,"10,283.02"
08/02/2024,CARD PAYMENT TO IKEA,Ikea,Shopping,,150.16,"10,132.86"
10/02/2024,CARD PAYMENT TO APPLE,Apple,Subscriptions,,14.31,"10,118.55"
12/02/2024,CARD PAYMENT TO DISNEY PLUS,Disney Plus,Subscriptions,,6.59,"10,111.96"
13/02/2024,CARD PAYMENT TO GREGGS,Greggs,Food & Drink,,13.06,"10,098.90"
14/02/2024,CARD PAYMENT TO CURRYS,Currys,Shopping,,40.02,"10,058.88"
14/02/2024,CARD PAYMENT TO PUREGYM,PureGym,Fitness,,28.28,"10,030.60"
15/02/2024,CARD PAYMENT TO DECATHLON,Decathlon,Fitness,,73.88,"9,956.72"
15/02/2024,CARD PAYMENT TO AMAZON,Amazon,Shopping,,88.03,"9,868.69"
19/02/2024,CARD PAYMENT TO JD SPORTS,JD Sports,Shopping,,177.02,"9,691.67"
19/02/2024,CARD PAYMENT TO VIRGIN MEDIA,Virgin Media,Utilities,,7.77,"9,683.90"
23/02/2024,CARD PAYMENT TO DECATHLON,Decathlon,Fitness,,73.15,"9,610.75"
24/02/2024,CARD PAYMENT TO IKEA,Ikea,Shopping,,16.3,"9,594.45"
24/02/2024,CARD PAYMENT TO WATERSTONES,Waterstones,Recreation,,40.52,"9,553.93"
25/02/2024,CARD PAYMENT TO DECATHLON,Decathlon,Fitness,,58.63,"9,495.30"
26/02/2024,CARD PAYMENT TO JD SPORTS,JD Sports,Shopping,,142.94,"9,352.36"
26/02/2024,CARD PAYMENT TO STEAM,Steam,Recreation,,11.85,"9,340.51"
26/02/2024,CARD PAYMENT TO JD SPORTS,JD Sports,Shopping,,134.64,"9,205.87"
28/02/2024,CARD PAYMENT TO SHELL,Shell,Transport,,34.61,"9,171.26"
28/02/2024,CARD PAYMENT TO WATERSTONES,Waterstones,Recreation,,27.04,"9,144.22"
29/02/2024,CARD PAYMENT TO TESCO,Tesco,Groceries,,58.75,"9,085.47"
01/03/2024,SALARY PAYMENT ACME ENGINEERING LTD,Salary,Income,2615.97,,"11,701.44"
01/03/2024,CARD PAYMENT TO TRAINLINE,Trainline,Transport,,45.78,"11,655.66"
02/03/2024,DIRECT DEBIT TO LANDLORD RENT PAYMENT,Rent,Housing,,850,"10,805.66"
03/03/2024,DIRECT DEBIT TO UNITED UTILITIES,United Utilities,Utilities,,29.2,"10,776.46"
03/03/2024,CARD PAYMENT TO WATERSTONES,Waterstones,Recreation,,35.37,"10,741.09"
03/03/2024,CARD PAYMENT TO COSTA COFFEE,Costa Coffee,Food & Drink,,23.43,"10,717.66"
05/03/2024,DIRECT DEBIT TO VIRGIN MEDIA,Virgin Media,Utilities,,45.86,"10,671.80"
06/03/2024,CARD PAYMENT TO CURRYS,Currys,Shopping,,147.89,"10,523.91"
07/03/2024,DIRECT DEBIT TO UNITED UTILITIES,United Utilities,Utilities,,87.6,"10,436.31"
07/03/2024,CARD PAYMENT TO IKEA,Ikea,Shopping,,61.95,"10,374.36"
08/03/2024,CARD PAYMENT TO PUREGYM,PureGym,Fitness,,26.31,"10,348.05"
09/03/2024,CARD PAYMENT TO JD SPORTS,JD Sports,Shopping,,31.17,"10,316.88"
10/03/2024,CARD PAYMENT TO PUREGYM,PureGym,Fitness,,25.53,"10,291.35"
10/03/2024,CARD PAYMENT TO PUREGYM,PureGym,Fitness,,48.58,"10,242.77"
10/03/2024,CARD PAYMENT TO SPOTIFY,Spotify,Subscriptions,,7.91,"10,234.86"
12/03/2024,CARD PAYMENT TO WATERSTONES,Waterstones,Recreation,,34.94,"10,199.92"
12/03/2024,CARD PAYMENT TO DECATHLON,Decathlon,Fitness,,61.34,"10,138.58"
12/03/2024,CARD PAYMENT TO APPLE,Apple,Subscriptions,,15.18,"10,123.40"
14/03/2024,CARD PAYMENT TO APPLE,Apple,Subscriptions,,4.07,"10,119.33"
16/03/2024,CARD PAYMENT TO APPLE,Apple,Subscriptions,,2.52,"10,116.81"
18/03/2024,CARD PAYMENT TO UBER EATS,Uber Eats,Food & Drink,,26.01,"10,090.80"
18/03/2024,CARD PAYMENT TO COSTA COFFEE,Costa Coffee,Food & Drink,,12.98,"10,077.82"
19/03/2024,CARD PAYMENT TO LIDL,Lidl,Groceries,,16.74,"10,061.08"
19/03/2024,CARD PAYMENT TO IKEA,Ikea,Shopping,,178.52,"9,882.56"
20/03/2024,CARD PAYMENT TO CINEWORLD,Cineworld,Recreation,,11.4,"9,871.16"
20/03/2024,CARD PAYMENT TO OCTOPUS ENERGY,Octopus Energy,Utilities,,40.27,"9,830.89"
21/03/2024,CARD PAYMENT TO MORRISONS,Morrisons,Groceries,,58.68,"9,772.21"
21/03/2024,CARD PAYMENT TO BP,BP,Transport,,50.59,"9,721.62"
21/03/2024,CARD PAYMENT TO SPOTIFY,Spotify,Subscriptions,,3.96,"9,717.66"
22/03/2024,CARD PAYMENT TO NANDOS,Nandos,Food & Drink,,4.21,"9,713.45"
22/03/2024,CARD PAYMENT TO DISNEY PLUS,Disney Plus,Subscriptions,,11.05,"9,702.40"
23/03/2024,CARD PAYMENT TO DECATHLON,Decathlon,Fitness,,70.07,"9,632.33"
24/03/2024,CARD PAYMENT TO UNITED UTILITIES,United Utilities,Utilities,,33.64,"9,598.69"
25/03/2024,CARD PAYMENT TO NETFLIX,Netflix,Subscriptions,,15.86,"9,582.83"
25/03/2024,CARD PAYMENT TO AMAZON,Amazon,Shopping,,146.97,"9,435.86"
26/03/2024,CARD PAYMENT TO PUREGYM,PureGym,Fitness,,74.01,"9,361.85"
26/03/2024,CARD PAYMENT TO AMAZON,Amazon,Shopping,,173.08,"9,188.77"
26/03/2024,CARD PAYMENT TO DISNEY PLUS,Disney Plus,Subscriptions,,12.33,"9,176.44"
27/03/2024,CARD PAYMENT TO LIDL,Lidl,Groceries,,43.92,"9,132.52"
28/03/2024,CARD PAYMENT TO DELIVEROO,Deliveroo,Food & Drink,,18.1,"9,114.42"
31/03/2024,CARD PAYMENT TO SPOTIFY,Spotify,Subscriptions,,3.92,"9,110.50"
01/04/2024,SALARY PAYMENT ACME ENGINEERING LTD,Salary,Income,2774.47,,"11,884.97"
01/04/2024,CARD PAYMENT TO MORRISONS,Morrisons,Groceries,,52.85,"11,832.12"
02/04/2024,DIRECT DEBIT TO LANDLORD RENT PAYMENT,Rent,Housing,,850,"10,982.12"
03/04/2024,DIRECT DEBIT TO VIRGIN MEDIA,Virgin Media,Utilities,,30.93,"10,951.19"
03/04/2024,CARD PAYMENT TO PUREGYM,PureGym,Fitness,,49.49,"10,901.70"
03/04/2024,CARD PAYMENT TO MORRISONS,Morrisons,Groceries,,32.91,"10,868.79"
04/04/2024,CARD PAYMENT TO LIDL,Lidl,Groceries,,26.09,"10,842.70"
04/04/2024,CARD PAYMENT TO STEAM,Steam,Recreation,,15.73,"10,826.97"
04/04/2024,CARD PAYMENT TO UBER EATS,Uber Eats,Food & Drink,,7.54,"10,819.43"
05/04/2024,DIRECT DEBIT TO OCTOPUS ENERGY,Octopus Energy,Utilities,,37.79,"10,781.64"
06/04/2024,CARD PAYMENT TO CINEWORLD,Cineworld,Recreation,,43.93,"10,737.71"
07/04/2024,DIRECT DEBIT TO OCTOPUS ENERGY,Octopus Energy,Utilities,,68.01,"10,669.70"
07/04/2024,CARD PAYMENT TO OCTOPUS ENERGY,Octopus Energy,Utilities,,37.1,"10,632.60"
07/04/2024,CARD PAYMENT TO CINEWORLD,Cineworld,Recreation,,14.94,"10,617.66"
08/04/2024,CARD PAYMENT TO DECATHLON,Decathlon,Fitness,,35.48,"10,582.18"
11/04/2024,CARD PAYMENT TO BP,BP,Transport,,33.63,"10,548.55"
12/04/2024,CARD PAYMENT TO GREGGS,Greggs,Food & Drink,,4.64,"10,543.91"
12/04/2024,CARD PAYMENT TO APPLE,Apple,Subscriptions,,3.05,"10,540.86"
12/04/2024,CARD PAYMENT TO ALDI,Aldi,Groceries,,44.11,"10,496.75"
17/04/2024,CARD PAYMENT TO WATERSTONES,Waterstones,Recreation,,30.34,"10,466.41"
19/04/2024,CARD PAYMENT TO VIRGIN MEDIA,Virgin Media,Utilities,,29.32,"10,437.09"
20/04/2024,CARD PAYMENT TO UBER,Uber,Transport,,57.99,"10,379.10"
21/04/2024,CARD PAYMENT TO TESCO,Tesco,Groceries,,54.32,"10,324.78"
21/04/2024,CARD PAYMENT TO WATERSTONES,Waterstones,Recreation,,58.6,"10,266.18"
24/04/2024,CARD PAYMENT TO WATERSTONES,Waterstones,Recreation,,22.54,"10,243.64"
24/04/2024,CARD PAYMENT TO DECATHLON,Decathlon,Fitness,,70.55,"10,173.09"
24/04/2024,CARD PAYMENT TO TRAINLINE,Trainline,Transport,,10.37,"10,162.72"
26/04/2024,CARD PAYMENT TO PRET,Pret,Food & Drink,,21.86,"10,140.86"
26/04/2024,CARD PAYMENT TO UNITED UTILITIES,United Utilities,Utilities,,30.04,"10,110.82"
27/04/2024,CARD PAYMENT TO PUREGYM,PureGym,Fitness,,56.63,"10,054.19"
27/04/2024,CARD PAYMENT TO IKEA,Ikea,Shopping,,119.8,"9,934.39"
28/04/2024,CARD PAYMENT TO STEAM,Steam,Recreation,,43.11,"9,891.28"
28/04/2024,CARD PAYMENT TO IKEA,Ikea,Shopping,,49.75,"9,841.53"
29/04/2024,CARD PAYMENT TO ASDA,Asda,Groceries,,15.62,"9,825.91"
29/04/2024,CARD PAYMENT TO LIDL,Lidl,Groceries,,35.16,"9,790.75"
01/05/2024,SALARY PAYMENT ACME ENGINEERING LTD,Salary,Income,2669.08,,"12,459.83"
01/05/2024,CARD PAYMENT TO APPLE,Apple,Subscriptions,,10.61,"12,449.22"
01/05/2024,CARD PAYMENT TO UBER EATS,Uber Eats,Food & Drink,,3.84,"12,445.38"
02/05/2024,DIRECT DEBIT TO LANDLORD RENT PAYMENT,Rent,Housing,,850,"11,595.38"
02/05/2024,CARD PAYMENT TO GREGGS,Greggs,Food & Drink,,29.25,"11,566.13"
02/05/2024,CARD PAYMENT TO DECATHLON,Decathlon,Fitness,,43.21,"11,522.92"
02/05/2024,CARD PAYMENT TO TESCO,Tesco,Groceries,,34.37,"11,488.55"
03/05/2024,DIRECT DEBIT TO OCTOPUS ENERGY,Octopus Energy,Utilities,,56.12,"11,432.43"
03/05/2024,CARD PAYMENT TO MORRISONS,Morrisons,Groceries,,46.79,"11,385.64"
04/05/2024,CARD PAYMENT TO SHELL,Shell,Transport,,50.45,"11,335.19"
04/05/2024,CARD PAYMENT TO WATERSTONES,Waterstones,Recreation,,21.06,"11,314.13"
05/05/2024,DIRECT DEBIT TO VIRGIN MEDIA,Virgin Media,Utilities,,92.71,"11,221.42"
06/05/2024,CARD PAYMENT TO NETFLIX,Netflix,Subscriptions,,2.11,"11,219.31"
06/05/2024,CARD PAYMENT TO PUREGYM,PureGym,Fitness,,72.19,"11,147.12"
07/05/2024,DIRECT DEBIT TO UNITED UTILITIES,United Utilities,Utilities,,60.02,"11,087.10"
09/05/2024,CARD PAYMENT TO UBER EATS,Uber Eats,Food & Drink,,6.46,"11,080.64"
11/05/2024,CARD PAYMENT TO WATERSTONES,Waterstones,Recreation,,52.77,"11,027.87"
12/05/2024,CARD PAYMENT TO SHELL,Shell,Transport,,59.58,"10,968.29"
13/05/2024,CARD PAYMENT TO SPOTIFY,Spotify,Subscriptions,,17.01,"10,951.28"
15/05/2024,CARD PAYMENT TO DECATHLON,Decathlon,Fitness,,36.44,"10,914.84"
16/05/2024,CARD PAYMENT TO DISNEY PLUS,Disney Plus,Subscriptions,,10.28,"10,904.56"
16/05/2024,CARD PAYMENT TO ASDA,Asda,Groceries,,20.8,"10,883.76"
16/05/2024,CARD PAYMENT TO CINEWORLD,Cineworld,Recreation,,36.62,"10,847.14"
17/05/2024,CARD PAYMENT TO ALDI,Aldi,Groceries,,19.09,"10,828.05"
17/05/2024,CARD PAYMENT TO UBER EATS,Uber Eats,Food & Drink,,24.81,"10,803.24"
18/05/2024,CARD PAYMENT TO PUREGYM,PureGym,Fitness,,75.02,"10,728.22"
19/05/2024,CARD PAYMENT TO VIRGIN MEDIA,Virgin Media,Utilities,,18.99,"10,709.23"
22/05/2024,CARD PAYMENT TO PUREGYM,PureGym,Fitness,,55.55,"10,653.68"
22/05/2024,CARD PAYMENT TO IKEA,Ikea,Shopping,,55.78,"10,597.90"
22/05/2024,CARD PAYMENT TO NETFLIX,Netflix,Subscriptions,,17.34,"10,580.56"
24/05/2024,CARD PAYMENT TO SHELL,Shell,Transport,,48.34,"10,532.22"
25/05/2024,CARD PAYMENT TO DELIVEROO,Deliveroo,Food & Drink,,15.05,"10,517.17"
25/05/2024,CARD PAYMENT TO COSTA COFFEE,Costa Coffee,Food & Drink,,29.31,"10,487.86"
25/05/2024,CARD PAYMENT TO ALDI,Aldi,Groceries,,25.86,"10,462.00"
27/05/2024,CARD PAYMENT TO ALDI,Aldi,Groceries,,11.12,"10,450.88"
28/05/2024,CARD PAYMENT TO COSTA COFFEE,Costa Coffee,Food & Drink,,21.29,"10,429.59"
28/05/2024,CARD PAYMENT TO MORRISONS,Morrisons,Groceries,,56.45,"10,373.14"
29/05/2024,CARD PAYMENT TO UBER EATS,Uber Eats,Food & Drink,,23.3,"10,349.84"
29/05/2024,CARD PAYMENT TO SHELL,Shell,Transport,,31.58,"10,318.26"
29/05/2024,CARD PAYMENT TO APPLE,Apple,Subscriptions,,16.08,"10,302.18"
31/05/2024,CARD PAYMENT TO ALDI,Aldi,Groceries,,37.48,"10,264.70"
01/06/2024,SALARY PAYMENT ACME ENGINEERING LTD,Salary,Income,2476.99,,"12,741.69"
02/06/2024,DIRECT DEBIT TO LANDLORD RENT PAYMENT,Rent,Housing,,850,"11,891.69"
03/06/2024,DIRECT DEBIT TO UNITED UTILITIES,United Utilities,Utilities,,74.93,"11,816.76"
05/06/2024,DIRECT DEBIT TO VIRGIN MEDIA,Virgin Media,Utilities,,49.88,"11,766.88"
05/06/2024,CARD PAYMENT TO NETFLIX,Netflix,Subscriptions,,5.89,"11,760.99"
05/06/2024,CARD PAYMENT TO TESCO,Tesco,Groceries,,15.28,"11,745.71"
06/06/2024,CARD PAYMENT TO IKEA,Ikea,Shopping,,111.3,"11,634.41"
07/06/2024,DIRECT DEBIT TO OCTOPUS ENERGY,Octopus Energy,Utilities,,35.32,"11,599.09"
07/06/2024,CARD PAYMENT TO IKEA,Ikea,Shopping,,75.86,"11,523.23"
09/06/2024,CARD PAYMENT TO SAINSBURYS,Sainsburys,Groceries,,36.91,"11,486.32"
11/06/2024,CARD PAYMENT TO CURRYS,Currys,Shopping,,176.12,"11,310.20"
11/06/2024,CARD PAYMENT TO SHELL,Shell,Transport,,25.76,"11,284.44"
11/06/2024,CARD PAYMENT TO APPLE,Apple,Subscriptions,,11.6,"11,272.84"
13/06/2024,CARD PAYMENT TO CINEWORLD,Cineworld,Recreation,,26.43,"11,246.41"
15/06/2024,CARD PAYMENT TO ALDI,Aldi,Groceries,,20.51,"11,225.90"
15/06/2024,CARD PAYMENT TO ASDA,Asda,Groceries,,20.71,"11,205.19"
15/06/2024,CARD PAYMENT TO UBER,Uber,Transport,,40.44,"11,164.75"
16/06/2024,CARD PAYMENT TO DISNEY PLUS,Disney Plus,Subscriptions,,14.92,"11,149.83"
17/06/2024,CARD PAYMENT TO UBER,Uber,Transport,,17.58,"11,132.25"
17/06/2024,CARD PAYMENT TO MORRISONS,Morrisons,Groceries,,8.56,"11,123.69"
17/06/2024,CARD PAYMENT TO AMAZON,Amazon,Shopping,,106.52,"11,017.17"
18/06/2024,CARD PAYMENT TO CINEWORLD,Cineworld,Recreation,,19.72,"10,997.45"
19/06/2024,CARD PAYMENT TO TESCO,Tesco,Groceries,,19.35,"10,978.10"
19/06/2024,CARD PAYMENT TO STEAM,Steam,Recreation,,20.95,"10,957.15"
20/06/2024,CARD PAYMENT TO VIRGIN MEDIA,Virgin Media,Utilities,,43.14,"10,914.01"
20/06/2024,CARD PAYMENT TO BP,BP,Transport,,18.19,"10,895.82"
21/06/2024,CARD PAYMENT TO STEAM,Steam,Recreation,,11.05,"10,884.77"
22/06/2024,CARD PAYMENT TO PUREGYM,PureGym,Fitness,,40.3,"10,844.47"
23/06/2024,CARD PAYMENT TO CINEWORLD,Cineworld,Recreation,,22.01,"10,822.46"
24/06/2024,CARD PAYMENT TO UNITED UTILITIES,United Utilities,Utilities,,48.97,"10,773.49"
25/06/2024,CARD PAYMENT TO COSTA COFFEE,Costa Coffee,Food & Drink,,6.9,"10,766.59"
25/06/2024,CARD PAYMENT TO OCTOPUS ENERGY,Octopus Energy,Utilities,,13.63,"10,752.96"
25/06/2024,CARD PAYMENT TO DECATHLON,Decathlon,Fitness,,39.08,"10,713.88"
26/06/2024,CARD PAYMENT TO SHELL,Shell,Transport,,47.68,"10,666.20"
26/06/2024,CARD PAYMENT TO TRAINLINE,Trainline,Transport,,49.06,"10,617.14"
27/06/2024,CARD PAYMENT TO SHELL,Shell,Transport,,40.73,"10,576.41"
27/06/2024,CARD PAYMENT TO STEAM,Steam,Recreation,,52.58,"10,523.83"
28/06/2024,CARD PAYMENT TO SHELL,Shell,Transport,,48.8,"10,475.03"
28/06/2024,CARD PAYMENT TO STARBUCKS,Starbucks,Food & Drink,,16.73,"10,458.30"
29/06/2024,CARD PAYMENT TO APPLE,Apple,Subscriptions,,4.86,"10,453.44"
29/06/2024,CARD PAYMENT TO JD SPORTS,JD Sports,Shopping,,133.08,"10,320.36"
30/06/2024,CARD PAYMENT TO DISNEY PLUS,Disney Plus,Subscriptions,,11.3,"10,309.06"
30/06/2024,CARD PAYMENT TO SAINSBURYS,Sainsburys,Groceries,,20.51,"10,288.55"
01/07/2024,SALARY PAYMENT ACME ENGINEERING LTD,Salary,Income,2481.2,,"12,769.75"
01/07/2024,CARD PAYMENT TO PUREGYM,PureGym,Fitness,,38.36,"12,731.39"
02/07/2024,DIRECT DEBIT TO LANDLORD RENT PAYMENT,Rent,Housing,,850,"11,881.39"
02/07/2024,CARD PAYMENT TO VIRGIN MEDIA,Virgin Media,Utilities,,16.45,"11,864.94"
02/07/2024,CARD PAYMENT TO STARBUCKS,Starbucks,Food & Drink,,23.29,"11,841.65"
03/07/2024,DIRECT DEBIT TO VIRGIN MEDIA,Virgin Media,Utilities,,56.12,"11,785.53"
03/07/2024,CARD PAYMENT TO SHELL,Shell,Transport,,32.19,"11,753.34"
04/07/2024,CARD PAYMENT TO DECATHLON,Decathlon,Fitness,,48.05,"11,705.29"
04/07/2024,CARD PAYMENT TO DECATHLON,Decathlon,Fitness,,68.27,"11,637.02"
05/07/2024,DIRECT DEBIT TO VIRGIN MEDIA,Virgin Media,Utilities,,44.11,"11,592.91"
06/07/2024,CARD PAYMENT TO NETFLIX,Netflix,Subscriptions,,6.25,"11,586.66"
07/07/2024,DIRECT DEBIT TO OCTOPUS ENERGY,Octopus Energy,Utilities,,50.14,"11,536.52"
10/07/2024,CARD PAYMENT TO SHELL,Shell,Transport,,14.17,"11,522.35"
10/07/2024,CARD PAYMENT TO AMAZON,Amazon,Shopping,,105.09,"11,417.26"
11/07/2024,CARD PAYMENT TO TRAINLINE,Trainline,Transport,,21,"11,396.26"
11/07/2024,CARD PAYMENT TO STEAM,Steam,Recreation,,45.28,"11,350.98"
13/07/2024,CARD PAYMENT TO MORRISONS,Morrisons,Groceries,,24.07,"11,326.91"
13/07/2024,CARD PAYMENT TO JD SPORTS,JD Sports,Shopping,,171.06,"11,155.85"
15/07/2024,CARD PAYMENT TO VIRGIN MEDIA,Virgin Media,Utilities,,15.24,"11,140.61"
15/07/2024,CARD PAYMENT TO UBER,Uber,Transport,,20.15,"11,120.46"
16/07/2024,CARD PAYMENT TO DISNEY PLUS,Disney Plus,Subscriptions,,14.67,"11,105.79"
16/07/2024,CARD PAYMENT TO CURRYS,Currys,Shopping,,85.75,"11,020.04"
16/07/2024,CARD PAYMENT TO PUREGYM,PureGym,Fitness,,46.32,"10,973.72"
18/07/2024,CARD PAYMENT TO UNITED UTILITIES,United Utilities,Utilities,,44.32,"10,929.40"
18/07/2024,CARD PAYMENT TO WATERSTONES,Waterstones,Recreation,,10.48,"10,918.92"
19/07/2024,CARD PAYMENT TO CURRYS,Currys,Shopping,,84.16,"10,834.76"
19/07/2024,CARD PAYMENT TO DECATHLON,Decathlon,Fitness,,39.56,"10,795.20"
22/07/2024,CARD PAYMENT TO VIRGIN MEDIA,Virgin Media,Utilities,,30.57,"10,764.63"
23/07/2024,CARD PAYMENT TO PUREGYM,PureGym,Fitness,,76.92,"10,687.71"
23/07/2024,CARD PAYMENT TO UBER EATS,Uber Eats,Food & Drink,,13.43,"10,674.28"
23/07/2024,CARD PAYMENT TO SPOTIFY,Spotify,Subscriptions,,7.26,"10,667.02"
24/07/2024,CARD PAYMENT TO STEAM,Steam,Recreation,,18.57,"10,648.45"
24/07/2024,CARD PAYMENT TO OCTOPUS ENERGY,Octopus Energy,Utilities,,42.19,"10,606.26"
25/07/2024,CARD PAYMENT TO SAINSBURYS,Sainsburys,Groceries,,19.34,"10,586.92"
25/07/2024,CARD PAYMENT TO DECATHLON,Decathlon,Fitness,,32.35,"10,554.57"
25/07/2024,CARD PAYMENT TO WATERSTONES,Waterstones,Recreation,,36.22,"10,518.35"
26/07/2024,CARD PAYMENT TO MORRISONS,Morrisons,Groceries,,37.56,"10,480.79"
26/07/2024,CARD PAYMENT TO VIRGIN MEDIA,Virgin Media,Utilities,,43.69,"10,437.10"
26/07/2024,CARD PAYMENT TO DECATHLON,Decathlon,Fitness,,29.42,"10,407.68"
29/07/2024,CARD PAYMENT TO SPOTIFY,Spotify,Subscriptions,,8.22,"10,399.46"
29/07/2024,CARD PAYMENT TO BP,BP,Transport,,53.26,"10,346.20"
29/07/2024,CARD PAYMENT TO CINEWORLD,Cineworld,Recreation,,50.89,"10,295.31"
30/07/2024,CARD PAYMENT TO UNITED UTILITIES,United Utilities,Utilities,,30.88,"10,264.43"
30/07/2024,CARD PAYMENT TO WATERSTONES,Waterstones,Recreation,,20.15,"10,244.28"
30/07/2024,CARD PAYMENT TO DISNEY PLUS,Disney Plus,Subscriptions,,5.23,"10,239.05"
31/07/2024,CARD PAYMENT TO SPOTIFY,Spotify,Subscriptions,,15.19,"10,223.86"
01/08/2024,SALARY PAYMENT ACME ENGINEERING LTD,Salary,Income,2641.94,,"12,865.80"
02/08/2024,DIRECT DEBIT TO LANDLORD RENT PAYMENT,Rent,Housing,,850,"12,015.80"
02/08/2024,CARD PAYMENT TO APPLE,Apple,Subscriptions,,9.4,"12,006.40"
03/08/2024,DIRECT DEBIT TO OCTOPUS ENERGY,Octopus Energy,Utilities,,76.61,"11,929.79"
03/08/2024,CARD PAYMENT TO DISNEY PLUS,Disney Plus,Subscriptions,,13.21,"11,916.58"
03/08/2024,CARD PAYMENT TO CINEWORLD,Cineworld,Recreation,,40.65,"11,875.93"
04/08/2024,CARD PAYMENT TO PUREGYM,PureGym,Fitness,,30.77,"11,845.16"
05/08/2024,DIRECT DEBIT TO UNITED UTILITIES,United Utilities,Utilities,,76.33,"11,768.83"
05/08/2024,CARD PAYMENT TO PUREGYM,PureGym,Fitness,,61.91,"11,706.92"
05/08/2024,CARD PAYMENT TO PRET,Pret,Food & Drink,,21.86,"11,685.06"
05/08/2024,CARD PAYMENT TO SAINSBURYS,Sainsburys,Groceries,,58.48,"11,626.58"
06/08/2024,CARD PAYMENT TO WATERSTONES,Waterstones,Recreation,,36.89,"11,589.69"
07/08/2024,DIRECT DEBIT TO UNITED UTILITIES,United Utilities,Utilities,,89.14,"11,500.55"
07/08/2024,CARD PAYMENT TO APPLE,Apple,Subscriptions,,17.88,"11,482.67"
09/08/2024,CARD PAYMENT TO NANDOS,Nandos,Food & Drink,,5.84,"11,476.83"
09/08/2024,CARD PAYMENT TO JD SPORTS,JD Sports,Shopping,,89.4,"11,387.43"
10/08/2024,CARD PAYMENT TO SHELL,Shell,Transport,,32.03,"11,355.40"
10/08/2024,CARD PAYMENT TO DELIVEROO,Deliveroo,Food & Drink,,21.75,"11,333.65"
11/08/2024,CARD PAYMENT TO DECATHLON,Decathlon,Fitness,,64.76,"11,268.89"
11/08/2024,CARD PAYMENT TO UBER,Uber,Transport,,9.96,"11,258.93"
11/08/2024,CARD PAYMENT TO STEAM,Steam,Recreation,,45.45,"11,213.48"
12/08/2024,CARD PAYMENT TO JD SPORTS,JD Sports,Shopping,,94.99,"11,118.49"
15/08/2024,CARD PAYMENT TO NETFLIX,Netflix,Subscriptions,,9.53,"11,108.96"
16/08/2024,CARD PAYMENT TO OCTOPUS ENERGY,Octopus Energy,Utilities,,42.73,"11,066.23"
18/08/2024,CARD PAYMENT TO STEAM,Steam,Recreation,,36.73,"11,029.50"
19/08/2024,CARD PAYMENT TO OCTOPUS ENERGY,Octopus Energy,Utilities,,35.21,"10,994.29"
19/08/2024,CARD PAYMENT TO ASDA,Asda,Groceries,,23.58,"10,970.71"
19/08/2024,CARD PAYMENT TO DISNEY PLUS,Disney Plus,Subscriptions,,4.85,"10,965.86"
21/08/2024,CARD PAYMENT TO SPOTIFY,Spotify,Subscriptions,,15.38,"10,950.48"
23/08/2024,CARD PAYMENT TO CINEWORLD,Cineworld,Recreation,,12.62,"10,937.86"
23/08/2024,CARD PAYMENT TO TESCO,Tesco,Groceries,,52.03,"10,885.83"
23/08/2024,CARD PAYMENT TO BP,BP,Transport,,27.48,"10,858.35"
24/08/2024,CARD PAYMENT TO SHELL,Shell,Transport,,8.83,"10,849.52"
27/08/2024,CARD PAYMENT TO SHELL,Shell,Transport,,19.47,"10,830.05"
27/08/2024,CARD PAYMENT TO NANDOS,Nandos,Food & Drink,,25.56,"10,804.49"
28/08/2024,CARD PAYMENT TO OCTOPUS ENERGY,Octopus Energy,Utilities,,23.71,"10,780.78"
30/08/2024,CARD PAYMENT TO CURRYS,Currys,Shopping,,118.07,"10,662.71"
31/08/2024,CARD PAYMENT TO PUREGYM,PureGym,Fitness,,33.94,"10,628.77"
31/08/2024,CARD PAYMENT TO GREGGS,Greggs,Food & Drink,,11.73,"10,617.04"
31/08/2024,CARD PAYMENT TO ALDI,Aldi,Groceries,,45.28,"10,571.76"
01/09/2024,SALARY PAYMENT ACME ENGINEERING LTD,Salary,Income,2404.79,,"12,976.55"
01/09/2024,CARD PAYMENT TO NETFLIX,Netflix,Subscriptions,,3.06,"12,973.49"
02/09/2024,DIRECT DEBIT TO LANDLORD RENT PAYMENT,Rent,Housing,,850,"12,123.49"
02/09/2024,CARD PAYMENT TO AMAZON,Amazon,Shopping,,26.11,"12,097.38"
03/09/2024,DIRECT DEBIT TO OCTOPUS ENERGY,Octopus Energy,Utilities,,53.78,"12,043.60"
03/09/2024,CARD PAYMENT TO DELIVEROO,Deliveroo,Food & Drink,,17.48,"12,026.12"
03/09/2024,CARD PAYMENT TO VIRGIN MEDIA,Virgin Media,Utilities,,48.16,"11,977.96"
04/09/2024,CARD PAYMENT TO PUREGYM,PureGym,Fitness,,39.92,"11,938.04"
04/09/2024,CARD PAYMENT TO JD SPORTS,JD Sports,Shopping,,26.14,"11,911.90"
05/09/2024,DIRECT DEBIT TO OCTOPUS ENERGY,Octopus Energy,Utilities,,67.6,"11,844.30"
05/09/2024,CARD PAYMENT TO PUREGYM,PureGym,Fitness,,50.21,"11,794.09"
05/09/2024,CARD PAYMENT TO SAINSBURYS,Sainsburys,Groceries,,9.21,"11,784.88"
05/09/2024,CARD PAYMENT TO GREGGS,Greggs,Food & Drink,,9.38,"11,775.50"
06/09/2024,CARD PAYMENT TO SHELL,Shell,Transport,,11.12,"11,764.38"
06/09/2024,CARD PAYMENT TO JD SPORTS,JD Sports,Shopping,,63.94,"11,700.44"
06/09/2024,CARD PAYMENT TO VIRGIN MEDIA,Virgin Media,Utilities,,14.2,"11,686.24"
07/09/2024,DIRECT DEBIT TO OCTOPUS ENERGY,Octopus Energy,Utilities,,41.66,"11,644.58"
07/09/2024,CARD PAYMENT TO CURRYS,Currys,Shopping,,60.89,"11,583.69"
07/09/2024,CARD PAYMENT TO LIDL,Lidl,Groceries,,53.13,"11,530.56"
07/09/2024,CARD PAYMENT TO DECATHLON,Decathlon,Fitness,,65.03,"11,465.53"
08/09/2024,CARD PAYMENT TO IKEA,Ikea,Shopping,,54.97,"11,410.56"
10/09/2024,CARD PAYMENT TO UBER,Uber,Transport,,35.12,"11,375.44"
11/09/2024,CARD PAYMENT TO SPOTIFY,Spotify,Subscriptions,,3.03,"11,372.41"
12/09/2024,CARD PAYMENT TO STARBUCKS,Starbucks,Food & Drink,,4.41,"11,368.00"
12/09/2024,CARD PAYMENT TO OCTOPUS ENERGY,Octopus Energy,Utilities,,10.65,"11,357.35"
12/09/2024,CARD PAYMENT TO UNITED UTILITIES,United Utilities,Utilities,,29.7,"11,327.65"
13/09/2024,CARD PAYMENT TO SHELL,Shell,Transport,,30.16,"11,297.49"
14/09/2024,CARD PAYMENT TO STEAM,Steam,Recreation,,46.08,"11,251.41"
14/09/2024,CARD PAYMENT TO UBER,Uber,Transport,,17.17,"11,234.24"
14/09/2024,CARD PAYMENT TO TRAINLINE,Trainline,Transport,,22.84,"11,211.40"
15/09/2024,CARD PAYMENT TO TRAINLINE,Trainline,Transport,,52.85,"11,158.55"
15/09/2024,CARD PAYMENT TO SPOTIFY,Spotify,Subscriptions,,17.22,"11,141.33"
15/09/2024,CARD PAYMENT TO JD SPORTS,JD Sports,Shopping,,77.32,"11,064.01"
16/09/2024,CARD PAYMENT TO APPLE,Apple,Subscriptions,,10.08,"11,053.93"
16/09/2024,CARD PAYMENT TO PUREGYM,PureGym,Fitness,,69.18,"10,984.75"
16/09/2024,CARD PAYMENT TO SPOTIFY,Spotify,Subscriptions,,14.19,"10,970.56"
17/09/2024,CARD PAYMENT TO NANDOS,Nandos,Food & Drink,,27.47,"10,943.09"
17/09/2024,CARD PAYMENT TO WATERSTONES,Waterstones,Recreation,,36.86,"10,906.23"
18/09/2024,CARD PAYMENT TO CINEWORLD,Cineworld,Recreation,,33.18,"10,873.05"
19/09/2024,CARD PAYMENT TO CINEWORLD,Cineworld,Recreation,,38.11,"10,834.94"
19/09/2024,CARD PAYMENT TO SPOTIFY,Spotify,Subscriptions,,7.33,"10,827.61"
19/09/2024,CARD PAYMENT TO NETFLIX,Netflix,Subscriptions,,4.48,"10,823.13"
20/09/2024,CARD PAYMENT TO TESCO,Tesco,Groceries,,57.11,"10,766.02"
21/09/2024,CARD PAYMENT TO APPLE,Apple,Subscriptions,,16.81,"10,749.21"
21/09/2024,CARD PAYMENT TO DECATHLON,Decathlon,Fitness,,43.04,"10,706.17"
22/09/2024,CARD PAYMENT TO PRET,Pret,Food & Drink,,26.89,"10,679.28"
24/09/2024,CARD PAYMENT TO OCTOPUS ENERGY,Octopus Energy,Utilities,,39.33,"10,639.95"
24/09/2024,CARD PAYMENT TO WATERSTONES,Waterstones,Recreation,,27.43,"10,612.52"
25/09/2024,CARD PAYMENT TO AMAZON,Amazon,Shopping,,122.4,"10,490.12"
25/09/2024,CARD PAYMENT TO PUREGYM,PureGym,Fitness,,34.54,"10,455.58"
25/09/2024,CARD PAYMENT TO MORRISONS,Morrisons,Groceries,,43.96,"10,411.62"
27/09/2024,CARD PAYMENT TO WATERSTONES,Waterstones,Recreation,,32.77,"10,378.85"
28/09/2024,CARD PAYMENT TO STEAM,Steam,Recreation,,40.11,"10,338.74"
29/09/2024,CARD PAYMENT TO TESCO,Tesco,Groceries,,51.95,"10,286.79"
30/09/2024,CARD PAYMENT TO PUREGYM,PureGym,Fitness,,51.11,"10,235.68"
30/09/2024,CARD PAYMENT TO UBER,Uber,Transport,,16.62,"10,219.06"
30/09/2024,CARD PAYMENT TO DECATHLON,Decathlon,Fitness,,61.51,"10,157.55"
01/10/2024,SALARY PAYMENT ACME ENGINEERING LTD,Salary,Income,2600.26,,"12,757.81"
01/10/2024,CARD PAYMENT TO WATERSTONES,Waterstones,Recreation,,30.58,"12,727.23"
01/10/2024,CARD PAYMENT TO COSTA COFFEE,Costa Coffee,Food & Drink,,20.18,"12,707.05"
02/10/2024,DIRECT DEBIT TO LANDLORD RENT PAYMENT,Rent,Housing,,850,"11,857.05"
02/10/2024,CARD PAYMENT TO VIRGIN MEDIA,Virgin Media,Utilities,,38.69,"11,818.36"
02/10/2024,CARD PAYMENT TO DECATHLON,Decathlon,Fitness,,20.39,"11,797.97"
03/10/2024,DIRECT DEBIT TO OCTOPUS ENERGY,Octopus Energy,Utilities,,82.15,"11,715.82"
05/10/2024,DIRECT DEBIT TO OCTOPUS ENERGY,Octopus Energy,Utilities,,79.16,"11,636.66"
05/10/2024,CARD PAYMENT TO DECATHLON,Decathlon,Fitness,,63.98,"11,572.68"
05/10/2024,CARD PAYMENT TO OCTOPUS ENERGY,Octopus Energy,Utilities,,21.86,"11,550.82"
06/10/2024,CARD PAYMENT TO UBER,Uber,Transport,,17.46,"11,533.36"
07/10/2024,DIRECT DEBIT TO OCTOPUS ENERGY,Octopus Energy,Utilities,,56.55,"11,476.81"
07/10/2024,CARD PAYMENT TO OCTOPUS ENERGY,Octopus Energy,Utilities,,7.65,"11,469.16"
08/10/2024,CARD PAYMENT TO TRAINLINE,Trainline,Transport,,59.11,"11,410.05"
09/10/2024,CARD PAYMENT TO SPOTIFY,Spotify,Subscriptions,,15.89,"11,394.16"
09/10/2024,CARD PAYMENT TO OCTOPUS ENERGY,Octopus Energy,Utilities,,18.19,"11,375.97"
09/10/2024,CARD PAYMENT TO PUREGYM,PureGym,Fitness,,36.61,"11,339.36"
10/10/2024,CARD PAYMENT TO LIDL,Lidl,Groceries,,21.38,"11,317.98"
10/10/2024,CARD PAYMENT TO SPOTIFY,Spotify,Subscriptions,,2.15,"11,315.83"
11/10/2024,CARD PAYMENT TO ASDA,Asda,Groceries,,41.2,"11,274.63"
11/10/2024,CARD PAYMENT TO TESCO,Tesco,Groceries,,20.03,"11,254.60"
13/10/2024,CARD PAYMENT TO CINEWORLD,Cineworld,Recreation,,33.66,"11,220.94"
14/10/2024,CARD PAYMENT TO DECATHLON,Decathlon,Fitness,,42.25,"11,178.69"
15/10/2024,CARD PAYMENT TO CURRYS,Currys,Shopping,,170.26,"11,008.43"
15/10/2024,CARD PAYMENT TO DECATHLON,Decathlon,Fitness,,56.65,"10,951.78"
16/10/2024,CARD PAYMENT TO AMAZON,Amazon,Shopping,,15.51,"10,936.27"
16/10/2024,CARD PAYMENT TO PUREGYM,PureGym,Fitness,,21.54,"10,914.73"
18/10/2024,CARD PAYMENT TO TRAINLINE,Trainline,Transport,,31.5,"10,883.23"
18/10/2024,CARD PAYMENT TO APPLE,Apple,Subscriptions,,12.56,"10,870.67"
20/10/2024,CARD PAYMENT TO ASDA,Asda,Groceries,,28.53,"10,842.14"
20/10/2024,CARD PAYMENT TO ASDA,Asda,Groceries,,26.55,"10,815.59"
21/10/2024,CARD PAYMENT TO UBER,Uber,Transport,,28.81,"10,786.78"
21/10/2024,CARD PAYMENT TO GREGGS,Greggs,Food & Drink,,14.55,"10,772.23"
22/10/2024,CARD PAYMENT TO DELIVEROO,Deliveroo,Food & Drink,,13.39,"10,758.84"
22/10/2024,CARD PAYMENT TO BP,BP,Transport,,53.23,"10,705.61"
24/10/2024,CARD PAYMENT TO SPOTIFY,Spotify,Subscriptions,,6.82,"10,698.79"
25/10/2024,CARD PAYMENT TO VIRGIN MEDIA,Virgin Media,Utilities,,47.98,"10,650.81"
25/10/2024,CARD PAYMENT TO NETFLIX,Netflix,Subscriptions,,5.89,"10,644.92"
25/10/2024,CARD PAYMENT TO UNITED UTILITIES,United Utilities,Utilities,,36.5,"10,608.42"
27/10/2024,CARD PAYMENT TO SAINSBURYS,Sainsburys,Groceries,,60.95,"10,547.47"
27/10/2024,CARD PAYMENT TO JD SPORTS,JD Sports,Shopping,,141.44,"10,406.03"
27/10/2024,CARD PAYMENT TO TRAINLINE,Trainline,Transport,,42.63,"10,363.40"
30/10/2024,CARD PAYMENT TO NANDOS,Nandos,Food & Drink,,21.68,"10,341.72"
30/10/2024,CARD PAYMENT TO SHELL,Shell,Transport,,41.49,"10,300.23"
30/10/2024,CARD PAYMENT TO DECATHLON,Decathlon,Fitness,,59.24,"10,240.99"
31/10/2024,CARD PAYMENT TO BP,BP,Transport,,21.47,"10,219.52"
31/10/2024,CARD PAYMENT TO STEAM,Steam,Recreation,,15.57,"10,203.95"
31/10/2024,CARD PAYMENT TO CURRYS,Currys,Shopping,,137.86,"10,066.09"
01/11/2024,SALARY PAYMENT ACME ENGINEERING LTD,Salary,Income,2446.44,,"12,512.53"
01/11/2024,CARD PAYMENT TO VIRGIN MEDIA,Virgin Media,Utilities,,47.93,"12,464.60"
02/11/2024,DIRECT DEBIT TO LANDLORD RENT PAYMENT,Rent,Housing,,850,"11,614.60"
03/11/2024,DIRECT DEBIT TO VIRGIN MEDIA,Virgin Media,Utilities,,29.33,"11,585.27"
03/11/2024,CARD PAYMENT TO DECATHLON,Decathlon,Fitness,,39.18,"11,546.09"
04/11/2024,CARD PAYMENT TO UNITED UTILITIES,United Utilities,Utilities,,34.87,"11,511.22"
05/11/2024,DIRECT DEBIT TO OCTOPUS ENERGY,Octopus Energy,Utilities,,32.46,"11,478.76"
06/11/2024,CARD PAYMENT TO CURRYS,Currys,Shopping,,149.66,"11,329.10"
06/11/2024,CARD PAYMENT TO STEAM,Steam,Recreation,,34.99,"11,294.11"
06/11/2024,CARD PAYMENT TO NETFLIX,Netflix,Subscriptions,,11.62,"11,282.49"
07/11/2024,DIRECT DEBIT TO OCTOPUS ENERGY,Octopus Energy,Utilities,,77.29,"11,205.20"
08/11/2024,CARD PAYMENT TO WATERSTONES,Waterstones,Recreation,,59.52,"11,145.68"
08/11/2024,CARD PAYMENT TO GREGGS,Greggs,Food & Drink,,29.91,"11,115.77"
09/11/2024,CARD PAYMENT TO UBER,Uber,Transport,,23.16,"11,092.61"
09/11/2024,CARD PAYMENT TO PUREGYM,PureGym,Fitness,,78.87,"11,013.74"
09/11/2024,CARD PAYMENT TO CURRYS,Currys,Shopping,,151.6,"10,862.14"
10/11/2024,CARD PAYMENT TO SHELL,Shell,Transport,,56,"10,806.14"
11/11/2024,CARD PAYMENT TO APPLE,Apple,Subscriptions,,6.79,"10,799.35"
12/11/2024,CARD PAYMENT TO LIDL,Lidl,Groceries,,30.36,"10,768.99"
13/11/2024,CARD PAYMENT TO DISNEY PLUS,Disney Plus,Subscriptions,,14.12,"10,754.87"
13/11/2024,CARD PAYMENT TO PUREGYM,PureGym,Fitness,,51.67,"10,703.20"
13/11/2024,CARD PAYMENT TO CINEWORLD,Cineworld,Recreation,,44.82,"10,658.38"
15/11/2024,CARD PAYMENT TO STARBUCKS,Starbucks,Food & Drink,,11.73,"10,646.65"
15/11/2024,CARD PAYMENT TO ASDA,Asda,Groceries,,25.33,"10,621.32"
17/11/2024,CARD PAYMENT TO APPLE,Apple,Subscriptions,,6.66,"10,614.66"
18/11/2024,CARD PAYMENT TO BP,BP,Transport,,49.83,"10,564.83"
19/11/2024,CARD PAYMENT TO MORRISONS,Morrisons,Groceries,,49.38,"10,515.45"
21/11/2024,CARD PAYMENT TO DECATHLON,Decathlon,Fitness,,60.77,"10,454.68"
22/11/2024,CARD PAYMENT TO TESCO,Tesco,Groceries,,28.27,"10,426.41"
23/11/2024,CARD PAYMENT TO OCTOPUS ENERGY,Octopus Energy,Utilities,,10.28,"10,416.13"
23/11/2024,CARD PAYMENT TO JD SPORTS,JD Sports,Shopping,,175,"10,241.13"
24/11/2024,CARD PAYMENT TO SHELL,Shell,Transport,,14.18,"10,226.95"
24/11/2024,CARD PAYMENT TO DECATHLON,Decathlon,Fitness,,38.16,"10,188.79"
25/11/2024,CARD PAYMENT TO PUREGYM,PureGym,Fitness,,66.66,"10,122.13"
26/11/2024,CARD PAYMENT TO WATERSTONES,Waterstones,Recreation,,42.66,"10,079.47"
26/11/2024,CARD PAYMENT TO AMAZON,Amazon,Shopping,,34.8,"10,044.67"
26/11/2024,CARD PAYMENT TO COSTA COFFEE,Costa Coffee,Food & Drink,,16.21,"10,028.46"
27/11/2024,CARD PAYMENT TO LIDL,Lidl,Groceries,,40.66,"9,987.80"
28/11/2024,CARD PAYMENT TO WATERSTONES,Waterstones,Recreation,,47.27,"9,940.53"
28/11/2024,CARD PAYMENT TO VIRGIN MEDIA,Virgin Media,Utilities,,26.79,"9,913.74"
29/11/2024,CARD PAYMENT TO WATERSTONES,Waterstones,Recreation,,16.26,"9,897.48"
29/11/2024,CARD PAYMENT TO AMAZON,Amazon,Shopping,,132.77,"9,764.71"
30/11/2024,CARD PAYMENT TO PUREGYM,PureGym,Fitness,,43.63,"9,721.08"
01/12/2024,SALARY PAYMENT ACME ENGINEERING LTD,Salary,Income,2726.99,,"12,448.07"
01/12/2024,CARD PAYMENT TO UBER EATS,Uber Eats,Food & Drink,,25.6,"12,422.47"
01/12/2024,CARD PAYMENT TO NANDOS,Nandos,Food & Drink,,23.33,"12,399.14"
02/12/2024,DIRECT DEBIT TO LANDLORD RENT PAYMENT,Rent,Housing,,850,"11,549.14"
03/12/2024,DIRECT DEBIT TO OCTOPUS ENERGY,Octopus Energy,Utilities,,85.34,"11,463.80"
03/12/2024,CARD PAYMENT TO LIDL,Lidl,Groceries,,33.49,"11,430.31"
04/12/2024,CARD PAYMENT TO COSTA COFFEE,Costa Coffee,Food & Drink,,6.48,"11,423.83"
04/12/2024,CARD PAYMENT TO BP,BP,Transport,,12.57,"11,411.26"
05/12/2024,DIRECT DEBIT TO VIRGIN MEDIA,Virgin Media,Utilities,,84.6,"11,326.66"
07/12/2024,DIRECT DEBIT TO OCTOPUS ENERGY,Octopus Energy,Utilities,,60.43,"11,266.23"
07/12/2024,CARD PAYMENT TO VIRGIN MEDIA,Virgin Media,Utilities,,48.97,"11,217.26"
09/12/2024,CARD PAYMENT TO STEAM,Steam,Recreation,,57.31,"11,159.95"
10/12/2024,CARD PAYMENT TO NETFLIX,Netflix,Subscriptions,,11.23,"11,148.72"
11/12/2024,CARD PAYMENT TO CURRYS,Currys,Shopping,,128.51,"11,020.21"
13/12/2024,CARD PAYMENT TO SAINSBURYS,Sainsburys,Groceries,,16.08,"11,004.13"
14/12/2024,CARD PAYMENT TO UNITED UTILITIES,United Utilities,Utilities,,29.84,"10,974.29"
15/12/2024,CARD PAYMENT TO STEAM,Steam,Recreation,,46.46,"10,927.83"
15/12/2024,CARD PAYMENT TO PUREGYM,PureGym,Fitness,,52.99,"10,874.84"
16/12/2024,CARD PAYMENT TO PUREGYM,PureGym,Fitness,,44,"10,830.84"
16/12/2024,CARD PAYMENT TO GREGGS,Greggs,Food & Drink,,21.27,"10,809.57"
18/12/2024,CARD PAYMENT TO DELIVEROO,Deliveroo,Food & Drink,,22.78,"10,786.79"
19/12/2024,CARD PAYMENT TO CURRYS,Currys,Shopping,,84.25,"10,702.54"
20/12/2024,CARD PAYMENT TO JD SPORTS,JD Sports,Shopping,,77.53,"10,625.01"
21/12/2024,CARD PAYMENT TO GREGGS,Greggs,Food & Drink,,6.36,"10,618.65"
23/12/2024,CARD PAYMENT TO GREGGS,Greggs,Food & Drink,,20.28,"10,598.37"
23/12/2024,CARD PAYMENT TO IKEA,Ikea,Shopping,,143.38,"10,454.99"
23/12/2024,CARD PAYMENT TO OCTOPUS ENERGY,Octopus Energy,Utilities,,17.31,"10,437.68"
25/12/2024,CARD PAYMENT TO UBER,Uber,Transport,,57.49,"10,380.19"
25/12/2024,CARD PAYMENT TO STARBUCKS,Starbucks,Food & Drink,,17.21,"10,362.98"
25/12/2024,CARD PAYMENT TO WATERSTONES,Waterstones,Recreation,,51.07,"10,311.91"
26/12/2024,CARD PAYMENT TO UBER EATS,Uber Eats,Food & Drink,,12.42,"10,299.49"
26/12/2024,CARD PAYMENT TO WATERSTONES,Waterstones,Recreation,,23.55,"10,275.94"
29/12/2024,CARD PAYMENT TO JD SPORTS,JD Sports,Shopping,,44.81,"10,231.13"
30/12/2024,CARD PAYMENT TO NETFLIX,Netflix,Subscriptions,,6.14,"10,224.99"
30/12/2024,CARD PAYMENT TO UNITED UTILITIES,United Utilities,Utilities,,10.69,"10,214.30"
31/12/2024,CARD PAYMENT TO STEAM,Steam,Recreation,,55.92,"10,158.38"
31/12/2024,CARD PAYMENT TO CURRYS,Currys,Shopping,,126.91,"10,031.47"
01/01/2025,SALARY PAYMENT ACME ENGINEERING LTD,Salary,Income,2567.3,,"12,598.77"
01/01/2025,CARD PAYMENT TO VIRGIN MEDIA,Virgin Media,Utilities,,49.38,"12,549.39"
01/01/2025,CARD PAYMENT TO DISNEY PLUS,Disney Plus,Subscriptions,,6.41,"12,542.98"
01/01/2025,CARD PAYMENT TO PUREGYM,PureGym,Fitness,,38.31,"12,504.67"
02/01/2025,DIRECT DEBIT TO LANDLORD RENT PAYMENT,Rent,Housing,,850,"11,654.67"
03/01/2025,DIRECT DEBIT TO VIRGIN MEDIA,Virgin Media,Utilities,,53.46,"11,601.21"
03/01/2025,CARD PAYMENT TO DELIVEROO,Deliveroo,Food & Drink,,5.15,"11,596.06"
03/01/2025,CARD PAYMENT TO SHELL,Shell,Transport,,16.59,"11,579.47"
05/01/2025,DIRECT DEBIT TO OCTOPUS ENERGY,Octopus Energy,Utilities,,77.04,"11,502.43"
05/01/2025,CARD PAYMENT TO ALDI,Aldi,Groceries,,46.59,"11,455.84"
05/01/2025,CARD PAYMENT TO VIRGIN MEDIA,Virgin Media,Utilities,,27.4,"11,428.44"
07/01/2025,DIRECT DEBIT TO VIRGIN MEDIA,Virgin Media,Utilities,,25.97,"11,402.47"
07/01/2025,CARD PAYMENT TO ASDA,Asda,Groceries,,32.22,"11,370.25"
08/01/2025,CARD PAYMENT TO SHELL,Shell,Transport,,39.58,"11,330.67"
08/01/2025,CARD PAYMENT TO UNITED UTILITIES,United Utilities,Utilities,,46.86,"11,283.81"
09/01/2025,CARD PAYMENT TO OCTOPUS ENERGY,Octopus Energy,Utilities,,21.52,"11,262.29"
11/01/2025,CARD PAYMENT TO ALDI,Aldi,Groceries,,36.24,"11,226.05"
11/01/2025,CARD PAYMENT TO VIRGIN MEDIA,Virgin Media,Utilities,,48.64,"11,177.41"
12/01/2025,CARD PAYMENT TO SHELL,Shell,Transport,,23.08,"11,154.33"
12/01/2025,CARD PAYMENT TO DISNEY PLUS,Disney Plus,Subscriptions,,6.24,"11,148.09"
14/01/2025,CARD PAYMENT TO TRAINLINE,Trainline,Transport,,56.31,"11,091.78"
14/01/2025,CARD PAYMENT TO ALDI,Aldi,Groceries,,58.87,"11,032.91"
15/01/2025,CARD PAYMENT TO MORRISONS,Morrisons,Groceries,,8.34,"11,024.57"
15/01/2025,CARD PAYMENT TO DISNEY PLUS,Disney Plus,Subscriptions,,6.77,"11,017.80"
15/01/2025,CARD PAYMENT TO COSTA COFFEE,Costa Coffee,Food & Drink,,12.44,"11,005.36"
16/01/2025,CARD PAYMENT TO DECATHLON,Decathlon,Fitness,,20.53,"10,984.83"
17/01/2025,CARD PAYMENT TO NETFLIX,Netflix,Subscriptions,,3.36,"10,981.47"
17/01/2025,CARD PAYMENT TO VIRGIN MEDIA,Virgin Media,Utilities,,10.57,"10,970.90"
18/01/2025,CARD PAYMENT TO SAINSBURYS,Sainsburys,Groceries,,51.86,"10,919.04"
18/01/2025,CARD PAYMENT TO STEAM,Steam,Recreation,,33.53,"10,885.51"
18/01/2025,CARD PAYMENT TO IKEA,Ikea,Shopping,,75.14,"10,810.37"
20/01/2025,CARD PAYMENT TO PRET,Pret,Food & Drink,,20.72,"10,789.65"
20/01/2025,CARD PAYMENT TO NETFLIX,Netflix,Subscriptions,,4.24,"10,785.41"
21/01/2025,CARD PAYMENT TO MORRISONS,Morrisons,Groceries,,58.36,"10,727.05"
21/01/2025,CARD PAYMENT TO SHELL,Shell,Transport,,17.86,"10,709.19"
21/01/2025,CARD PAYMENT TO SAINSBURYS,Sainsburys,Groceries,,30.49,"10,678.70"
22/01/2025,CARD PAYMENT TO SAINSBURYS,Sainsburys,Groceries,,45.97,"10,632.73"
22/01/2025,CARD PAYMENT TO DISNEY PLUS,Disney Plus,Subscriptions,,3.9,"10,628.83"
23/01/2025,CARD PAYMENT TO NETFLIX,Netflix,Subscriptions,,7.2,"10,621.63"
23/01/2025,CARD PAYMENT TO DECATHLON,Decathlon,Fitness,,27.89,"10,593.74"
26/01/2025,CARD PAYMENT TO VIRGIN MEDIA,Virgin Media,Utilities,,27.5,"10,566.24"
27/01/2025,CARD PAYMENT TO ASDA,Asda,Groceries,,55.3,"10,510.94"
28/01/2025,CARD PAYMENT TO ALDI,Aldi,Groceries,,35.37,"10,475.57"
28/01/2025,CARD PAYMENT TO CINEWORLD,Cineworld,Recreation,,14.13,"10,461.44"
29/01/2025,CARD PAYMENT TO BP,BP,Transport,,45.92,"10,415.52"
29/01/2025,CARD PAYMENT TO OCTOPUS ENERGY,Octopus Energy,Utilities,,17.65,"10,397.87"
29/01/2025,CARD PAYMENT TO NANDOS,Nandos,Food & Drink,,10.12,"10,387.75"
30/01/2025,CARD PAYMENT TO PUREGYM,PureGym,Fitness,,48.43,"10,339.32"
01/02/2025,SALARY PAYMENT ACME ENGINEERING LTD,Salary,Income,2680.46,,"13,019.78"
01/02/2025,CARD PAYMENT TO BP,BP,Transport,,19.93,"12,999.85"
02/02/2025,DIRECT DEBIT TO LANDLORD RENT PAYMENT,Rent,Housing,,850,"12,149.85"
02/02/2025,CARD PAYMENT TO PUREGYM,PureGym,Fitness,,36.43,"12,113.42"
03/02/2025,DIRECT DEBIT TO OCTOPUS ENERGY,Octopus Energy,Utilities,,90.04,"12,023.38"
03/02/2025,CARD PAYMENT TO LIDL,Lidl,Groceries,,19.38,"12,004.00"
03/02/2025,CARD PAYMENT TO ALDI,Aldi,Groceries,,31.22,"11,972.78"
03/02/2025,CARD PAYMENT TO WATERSTONES,Waterstones,Recreation,,41.67,"11,931.11"
04/02/2025,CARD PAYMENT TO TRAINLINE,Trainline,Transport,,30.16,"11,900.95"
05/02/2025,DIRECT DEBIT TO OCTOPUS ENERGY,Octopus Energy,Utilities,,60.69,"11,840.26"
06/02/2025,CARD PAYMENT TO GREGGS,Greggs,Food & Drink,,12.82,"11,827.44"
06/02/2025,CARD PAYMENT TO JD SPORTS,JD Sports,Shopping,,55.75,"11,771.69"
07/02/2025,DIRECT DEBIT TO OCTOPUS ENERGY,Octopus Energy,Utilities,,37.72,"11,733.97"
09/02/2025,CARD PAYMENT TO TRAINLINE,Trainline,Transport,,32.55,"11,701.42"
11/02/2025,CARD PAYMENT TO VIRGIN MEDIA,Virgin Media,Utilities,,47.67,"11,653.75"
11/02/2025,CARD PAYMENT TO IKEA,Ikea,Shopping,,65.22,"11,588.53"
11/02/2025,CARD PAYMENT TO DELIVEROO,Deliveroo,Food & Drink,,3.37,"11,585.16"
12/02/2025,CARD PAYMENT TO IKEA,Ikea,Shopping,,137.31,"11,447.85"
14/02/2025,CARD PAYMENT TO TRAINLINE,Trainline,Transport,,18.92,"11,428.93"
14/02/2025,CARD PAYMENT TO PUREGYM,PureGym,Fitness,,73.23,"11,355.70"
18/02/2025,CARD PAYMENT TO UBER,Uber,Transport,,56.13,"11,299.57"
20/02/2025,CARD PAYMENT TO WATERSTONES,Waterstones,Recreation,,33.71,"11,265.86"
20/02/2025,CARD PAYMENT TO BP,BP,Transport,,10.28,"11,255.58"
21/02/2025,CARD PAYMENT TO DECATHLON,Decathlon,Fitness,,73.5,"11,182.08"
22/02/2025,CARD PAYMENT TO JD SPORTS,JD Sports,Shopping,,118.93,"11,063.15"
22/02/2025,CARD PAYMENT TO PRET,Pret,Food & Drink,,4.83,"11,058.32"
23/02/2025,CARD PAYMENT TO SAINSBURYS,Sainsburys,Groceries,,42.15,"11,016.17"
24/02/2025,CARD PAYMENT TO STEAM,Steam,Recreation,,57.79,"10,958.38"
26/02/2025,CARD PAYMENT TO DECATHLON,Decathlon,Fitness,,61.08,"10,897.30"
28/02/2025,CARD PAYMENT TO APPLE,Apple,Subscriptions,,11,"10,886.30"
01/03/2025,SALARY PAYMENT ACME ENGINEERING LTD,Salary,Income,2556.1,,"13,442.40"
01/03/2025,CARD PAYMENT TO BP,BP,Transport,,8.19,"13,434.21"
02/03/2025,DIRECT DEBIT TO LANDLORD RENT PAYMENT,Rent,Housing,,850,"12,584.21"
03/03/2025,DIRECT DEBIT TO UNITED UTILITIES,United Utilities,Utilities,,25.62,"12,558.59"
03/03/2025,CARD PAYMENT TO CINEWORLD,Cineworld,Recreation,,52.62,"12,505.97"
04/03/2025,CARD PAYMENT TO WATERSTONES,Waterstones,Recreation,,15.96,"12,490.01"
04/03/2025,CARD PAYMENT TO SHELL,Shell,Transport,,35.75,"12,454.26"
05/03/2025,DIRECT DEBIT TO VIRGIN MEDIA,Virgin Media,Utilities,,27.74,"12,426.52"
05/03/2025,CARD PAYMENT TO STEAM,Steam,Recreation,,23.52,"12,403.00"
07/03/2025,DIRECT DEBIT TO UNITED UTILITIES,United Utilities,Utilities,,93.6,"12,309.40"
10/03/2025,CARD PAYMENT TO IKEA,Ikea,Shopping,,28.74,"12,280.66"
11/03/2025,CARD PAYMENT TO VIRGIN MEDIA,Virgin Media,Utilities,,45.43,"12,235.23"
11/03/2025,CARD PAYMENT TO CINEWORLD,Cineworld,Recreation,,59.26,"12,175.97"
13/03/2025,CARD PAYMENT TO TRAINLINE,Trainline,Transport,,17.19,"12,158.78"
13/03/2025,CARD PAYMENT TO LIDL,Lidl,Groceries,,45.47,"12,113.31"
15/03/2025,CARD PAYMENT TO WATERSTONES,Waterstones,Recreation,,41.72,"12,071.59"
15/03/2025,CARD PAYMENT TO UBER,Uber,Transport,,19.47,"12,052.12"
16/03/2025,CARD PAYMENT TO UBER,Uber,Transport,,16.09,"12,036.03"
16/03/2025,CARD PAYMENT TO UBER,Uber,Transport,,27.17,"12,008.86"
17/03/2025,CARD PAYMENT TO PRET,Pret,Food & Drink,,7.9,"12,000.96"
17/03/2025,CARD PAYMENT TO OCTOPUS ENERGY,Octopus Energy,Utilities,,13.5,"11,987.46"
17/03/2025,CARD PAYMENT TO NETFLIX,Netflix,Subscriptions,,12.36,"11,975.10"
19/03/2025,CARD PAYMENT TO OCTOPUS ENERGY,Octopus Energy,Utilities,,41.79,"11,933.31"
20/03/2025,CARD PAYMENT TO STARBUCKS,Starbucks,Food & Drink,,4.95,"11,928.36"
21/03/2025,CARD PAYMENT TO APPLE,Apple,Subscriptions,,3.6,"11,924.76"
22/03/2025,CARD PAYMENT TO LIDL,Lidl,Groceries,,13.68,"11,911.08"
23/03/2025,CARD PAYMENT TO TESCO,Tesco,Groceries,,55.11,"11,855.97"
23/03/2025,CARD PAYMENT TO SAINSBURYS,Sainsburys,Groceries,,22.16,"11,833.81"
23/03/2025,CARD PAYMENT TO GREGGS,Greggs,Food & Drink,,6.85,"11,826.96"
27/03/2025,CARD PAYMENT TO STARBUCKS,Starbucks,Food & Drink,,6.76,"11,820.20"
28/03/2025,CARD PAYMENT TO VIRGIN MEDIA,Virgin Media,Utilities,,19.93,"11,800.27"
28/03/2025,CARD PAYMENT TO OCTOPUS ENERGY,Octopus Energy,Utilities,,7.51,"11,792.76"
28/03/2025,CARD PAYMENT TO WATERSTONES,Waterstones,Recreation,,37.18,"11,755.58"
01/04/2025,SALARY PAYMENT ACME ENGINEERING LTD,Salary,Income,2617.86,,"14,373.44"
02/04/2025,DIRECT DEBIT TO LANDLORD RENT PAYMENT,Rent,Housing,,850,"13,523.44"
02/04/2025,CARD PAYMENT TO OCTOPUS ENERGY,Octopus Energy,Utilities,,46.05,"13,477.39"
02/04/2025,CARD PAYMENT TO SAINSBURYS,Sainsburys,Groceries,,32.35,"13,445.04"
02/04/2025,CARD PAYMENT TO VIRGIN MEDIA,Virgin Media,Utilities,,34.49,"13,410.55"
03/04/2025,DIRECT DEBIT TO OCTOPUS ENERGY,Octopus Energy,Utilities,,89.52,"13,321.03"
03/04/2025,CARD PAYMENT TO PRET,Pret,Food & Drink,,7.58,"13,313.45"
03/04/2025,CARD PAYMENT TO STARBUCKS,Starbucks,Food & Drink,,5.75,"13,307.70"
03/04/2025,CARD PAYMENT TO CINEWORLD,Cineworld,Recreation,,13.81,"13,293.89"
04/04/2025,CARD PAYMENT TO GREGGS,Greggs,Food & Drink,,27.93,"13,265.96"
04/04/2025,CARD PAYMENT TO COSTA COFFEE,Costa Coffee,Food & Drink,,19.32,"13,246.64"
05/04/2025,DIRECT DEBIT TO OCTOPUS ENERGY,Octopus Energy,Utilities,,55,"13,191.64"
05/04/2025,CARD PAYMENT TO UNITED UTILITIES,United Utilities,Utilities,,24.14,"13,167.50"
06/04/2025,CARD PAYMENT TO CINEWORLD,Cineworld,Recreation,,53.77,"13,113.73"
07/04/2025,DIRECT DEBIT TO VIRGIN MEDIA,Virgin Media,Utilities,,89.14,"13,024.59"
07/04/2025,CARD PAYMENT TO WATERSTONES,Waterstones,Recreation,,49.93,"12,974.66"
07/04/2025,CARD PAYMENT TO SAINSBURYS,Sainsburys,Groceries,,52.33,"12,922.33"
08/04/2025,CARD PAYMENT TO CURRYS,Currys,Shopping,,79.45,"12,842.88"
09/04/2025,CARD PAYMENT TO COSTA COFFEE,Costa Coffee,Food & Drink,,18.6,"12,824.28"
09/04/2025,CARD PAYMENT TO STEAM,Steam,Recreation,,14.52,"12,809.76"
09/04/2025,CARD PAYMENT TO OCTOPUS ENERGY,Octopus Energy,Utilities,,39.54,"12,770.22"
10/04/2025,CARD PAYMENT TO JD SPORTS,JD Sports,Shopping,,84.93,"12,685.29"
10/04/2025,CARD PAYMENT TO DECATHLON,Decathlon,Fitness,,28.29,"12,657.00"
11/04/2025,CARD PAYMENT TO DECATHLON,Decathlon,Fitness,,52.96,"12,604.04"
12/04/2025,CARD PAYMENT TO UBER,Uber,Transport,,12.35,"12,591.69"
13/04/2025,CARD PAYMENT TO SHELL,Shell,Transport,,20.23,"12,571.46"
15/04/2025,CARD PAYMENT TO MORRISONS,Morrisons,Groceries,,39.83,"12,531.63"
16/04/2025,CARD PAYMENT TO COSTA COFFEE,Costa Coffee,Food & Drink,,27.61,"12,504.02"
17/04/2025,CARD PAYMENT TO VIRGIN MEDIA,Virgin Media,Utilities,,25.72,"12,478.30"
18/04/2025,CARD PAYMENT TO BP,BP,Transport,,51.05,"12,427.25"
18/04/2025,CARD PAYMENT TO ASDA,Asda,Groceries,,15.85,"12,411.40"
18/04/2025,CARD PAYMENT TO VIRGIN MEDIA,Virgin Media,Utilities,,37.99,"12,373.41"
19/04/2025,CARD PAYMENT TO AMAZON,Amazon,Shopping,,130.73,"12,242.68"
19/04/2025,CARD PAYMENT TO PRET,Pret,Food & Drink,,25.61,"12,217.07"
20/04/2025,CARD PAYMENT TO SAINSBURYS,Sainsburys,Groceries,,28.82,"12,188.25"
22/04/2025,CARD PAYMENT TO COSTA COFFEE,Costa Coffee,Food & Drink,,18.37,"12,169.88"
23/04/2025,CARD PAYMENT TO OCTOPUS ENERGY,Octopus Energy,Utilities,,26.14,"12,143.74"
23/04/2025,CARD PAYMENT TO UNITED UTILITIES,United Utilities,Utilities,,28.74,"12,115.00"
23/04/2025,CARD PAYMENT TO CINEWORLD,Cineworld,Recreation,,30.58,"12,084.42"
24/04/2025,CARD PAYMENT TO SPOTIFY,Spotify,Subscriptions,,6.59,"12,077.83"
24/04/2025,CARD PAYMENT TO OCTOPUS ENERGY,Octopus Energy,Utilities,,44.65,"12,033.18"
27/04/2025,CARD PAYMENT TO ALDI,Aldi,Groceries,,55.46,"11,977.72"
28/04/2025,CARD PAYMENT TO WATERSTONES,Waterstones,Recreation,,35.09,"11,942.63"
28/04/2025,CARD PAYMENT TO UBER,Uber,Transport,,56.44,"11,886.19"
29/04/2025,CARD PAYMENT TO UBER EATS,Uber Eats,Food & Drink,,13.19,"11,873.00"
29/04/2025,CARD PAYMENT TO UNITED UTILITIES,United Utilities,Utilities,,14.53,"11,858.47"
01/05/2025,SALARY PAYMENT ACME ENGINEERING LTD,Salary,Income,2487.56,,"14,346.03"
02/05/2025,DIRECT DEBIT TO LANDLORD RENT PAYMENT,Rent,Housing,,850,"13,496.03"
03/05/2025,DIRECT DEBIT TO UNITED UTILITIES,United Utilities,Utilities,,57.79,"13,438.24"
03/05/2025,CARD PAYMENT TO DECATHLON,Decathlon,Fitness,,29.89,"13,408.35"
03/05/2025,CARD PAYMENT TO JD SPORTS,JD Sports,Shopping,,47.13,"13,361.22"
05/05/2025,DIRECT DEBIT TO OCTOPUS ENERGY,Octopus Energy,Utilities,,30.45,"13,330.77"
05/05/2025,CARD PAYMENT TO SAINSBURYS,Sainsburys,Groceries,,24.09,"13,306.68"
07/05/2025,DIRECT DEBIT TO OCTOPUS ENERGY,Octopus Energy,Utilities,,39.83,"13,266.85"
08/05/2025,CARD PAYMENT TO BP,BP,Transport,,41.2,"13,225.65"
08/05/2025,CARD PAYMENT TO SAINSBURYS,Sainsburys,Groceries,,23.34,"13,202.31"
10/05/2025,CARD PAYMENT TO TESCO,Tesco,Groceries,,25.93,"13,176.38"
10/05/2025,CARD PAYMENT TO STEAM,Steam,Recreation,,59.03,"13,117.35"
10/05/2025,CARD PAYMENT TO CINEWORLD,Cineworld,Recreation,,35.01,"13,082.34"
11/05/2025,CARD PAYMENT TO DECATHLON,Decathlon,Fitness,,78.43,"13,003.91"
11/05/2025,CARD PAYMENT TO GREGGS,Greggs,Food & Drink,,14,"12,989.91"
13/05/2025,CARD PAYMENT TO LIDL,Lidl,Groceries,,53.38,"12,936.53"
14/05/2025,CARD PAYMENT TO MORRISONS,Morrisons,Groceries,,17.19,"12,919.34"
14/05/2025,CARD PAYMENT TO SPOTIFY,Spotify,Subscriptions,,16.16,"12,903.18"
16/05/2025,CARD PAYMENT TO BP,BP,Transport,,47.98,"12,855.20"
18/05/2025,CARD PAYMENT TO NETFLIX,Netflix,Subscriptions,,7.42,"12,847.78"
18/05/2025,CARD PAYMENT TO JD SPORTS,JD Sports,Shopping,,21.6,"12,826.18"
19/05/2025,CARD PAYMENT TO BP,BP,Transport,,59.84,"12,766.34"
19/05/2025,CARD PAYMENT TO STARBUCKS,Starbucks,Food & Drink,,18.31,"12,748.03"
20/05/2025,CARD PAYMENT TO NANDOS,Nandos,Food & Drink,,3.4,"12,744.63"
20/05/2025,CARD PAYMENT TO WATERSTONES,Waterstones,Recreation,,53.38,"12,691.25"
20/05/2025,CARD PAYMENT TO PRET,Pret,Food & Drink,,5.54,"12,685.71"
21/05/2025,CARD PAYMENT TO VIRGIN MEDIA,Virgin Media,Utilities,,12.27,"12,673.44"
21/05/2025,CARD PAYMENT TO WATERSTONES,Waterstones,Recreation,,28.17,"12,645.27"
24/05/2025,CARD PAYMENT TO DISNEY PLUS,Disney Plus,Subscriptions,,17.78,"12,627.49"
25/05/2025,CARD PAYMENT TO NETFLIX,Netflix,Subscriptions,,17.04,"12,610.45"
26/05/2025,CARD PAYMENT TO MORRISONS,Morrisons,Groceries,,56.96,"12,553.49"
26/05/2025,CARD PAYMENT TO DECATHLON,Decathlon,Fitness,,71.42,"12,482.07"
26/05/2025,CARD PAYMENT TO VIRGIN MEDIA,Virgin Media,Utilities,,21.5,"12,460.57"
27/05/2025,CARD PAYMENT TO AMAZON,Amazon,Shopping,,127.56,"12,333.01"
28/05/2025,CARD PAYMENT TO WATERSTONES,Waterstones,Recreation,,12.13,"12,320.88"
28/05/2025,CARD PAYMENT TO ASDA,Asda,Groceries,,53.06,"12,267.82"
30/05/2025,CARD PAYMENT TO GREGGS,Greggs,Food & Drink,,13.15,"12,254.67"
31/05/2025,CARD PAYMENT TO STARBUCKS,Starbucks,Food & Drink,,13.48,"12,241.19"
31/05/2025,CARD PAYMENT TO SPOTIFY,Spotify,Subscriptions,,7.58,"12,233.61"
31/05/2025,CARD PAYMENT TO APPLE,Apple,Subscriptions,,3.75,"12,229.86"
01/06/2025,SALARY PAYMENT ACME ENGINEERING LTD,Salary,Income,2472.11,,"14,701.97"
02/06/2025,DIRECT DEBIT TO LANDLORD RENT PAYMENT,Rent,Housing,,850,"13,851.97"
02/06/2025,CARD PAYMENT TO PUREGYM,PureGym,Fitness,,44.09,"13,807.88"
02/06/2025,CARD PAYMENT TO GREGGS,Greggs,Food & Drink,,12.25,"13,795.63"
03/06/2025,DIRECT DEBIT TO VIRGIN MEDIA,Virgin Media,Utilities,,39.88,"13,755.75"
03/06/2025,CARD PAYMENT TO GREGGS,Greggs,Food & Drink,,15.27,"13,740.48"
03/06/2025,CARD PAYMENT TO VIRGIN MEDIA,Virgin Media,Utilities,,11.55,"13,728.93"
04/06/2025,CARD PAYMENT TO AMAZON,Amazon,Shopping,,177.99,"13,550.94"
05/06/2025,DIRECT DEBIT TO VIRGIN MEDIA,Virgin Media,Utilities,,29.37,"13,521.57"
05/06/2025,CARD PAYMENT TO DECATHLON,Decathlon,Fitness,,32.81,"13,488.76"
05/06/2025,CARD PAYMENT TO SHELL,Shell,Transport,,57.54,"13,431.22"
06/06/2025,CARD PAYMENT TO CINEWORLD,Cineworld,Recreation,,41.78,"13,389.44"
06/06/2025,CARD PAYMENT TO STARBUCKS,Starbucks,Food & Drink,,4.87,"13,384.57"
06/06/2025,CARD PAYMENT TO PUREGYM,PureGym,Fitness,,37.9,"13,346.67"
07/06/2025,DIRECT DEBIT TO UNITED UTILITIES,United Utilities,Utilities,,56.6,"13,290.07"
07/06/2025,CARD PAYMENT TO TRAINLINE,Trainline,Transport,,17.57,"13,272.50"
07/06/2025,CARD PAYMENT TO TESCO,Tesco,Groceries,,59.01,"13,213.49"
08/06/2025,CARD PAYMENT TO IKEA,Ikea,Shopping,,42.15,"13,171.34"
08/06/2025,CARD PAYMENT TO JD SPORTS,JD Sports,Shopping,,94.47,"13,076.87"
09/06/2025,CARD PAYMENT TO DECATHLON,Decathlon,Fitness,,74.76,"13,002.11"
10/06/2025,CARD PAYMENT TO LIDL,Lidl,Groceries,,52.64,"12,949.47"
10/06/2025,CARD PAYMENT TO SHELL,Shell,Transport,,45.58,"12,903.89"
11/06/2025,CARD PAYMENT TO IKEA,Ikea,Shopping,,17.34,"12,886.55"
12/06/2025,CARD PAYMENT TO VIRGIN MEDIA,Virgin Media,Utilities,,43.89,"12,842.66"
12/06/2025,CARD PAYMENT TO NANDOS,Nandos,Food & Drink,,29.19,"12,813.47"
12/06/2025,CARD PAYMENT TO DECATHLON,Decathlon,Fitness,,51.24,"12,762.23"
14/06/2025,CARD PAYMENT TO UNITED UTILITIES,United Utilities,Utilities,,25.22,"12,737.01"
14/06/2025,CARD PAYMENT TO COSTA COFFEE,Costa Coffee,Food & Drink,,8.9,"12,728.11"
15/06/2025,CARD PAYMENT TO PUREGYM,PureGym,Fitness,,56.06,"12,672.05"
16/06/2025,CARD PAYMENT TO CURRYS,Currys,Shopping,,172.14,"12,499.91"
18/06/2025,CARD PAYMENT TO AMAZON,Amazon,Shopping,,64.82,"12,435.09"
18/06/2025,CARD PAYMENT TO WATERSTONES,Waterstones,Recreation,,50.95,"12,384.14"
20/06/2025,CARD PAYMENT TO APPLE,Apple,Subscriptions,,8.57,"12,375.57"
20/06/2025,CARD PAYMENT TO JD SPORTS,JD Sports,Shopping,,101.32,"12,274.25"
20/06/2025,CARD PAYMENT TO AMAZON,Amazon,Shopping,,167.85,"12,106.40"
21/06/2025,CARD PAYMENT TO DECATHLON,Decathlon,Fitness,,30.61,"12,075.79"
21/06/2025,CARD PAYMENT TO UNITED UTILITIES,United Utilities,Utilities,,24.61,"12,051.18"
22/06/2025,CARD PAYMENT TO DECATHLON,Decathlon,Fitness,,62.13,"11,989.05"
22/06/2025,CARD PAYMENT TO COSTA COFFEE,Costa Coffee,Food & Drink,,24.76,"11,964.29"
26/06/2025,CARD PAYMENT TO PRET,Pret,Food & Drink,,23.25,"11,941.04"
28/06/2025,CARD PAYMENT TO ASDA,Asda,Groceries,,24.52,"11,916.52"
29/06/2025,CARD PAYMENT TO BP,BP,Transport,,48.4,"11,868.12"
29/06/2025,CARD PAYMENT TO PUREGYM,PureGym,Fitness,,31.73,"11,836.39"
30/06/2025,CARD PAYMENT TO GREGGS,Greggs,Food & Drink,,29.13,"11,807.26"
30/06/2025,CARD PAYMENT TO APPLE,Apple,Subscriptions,,16.53,"11,790.73"
30/06/2025,CARD PAYMENT TO PUREGYM,PureGym,Fitness,,76.38,"11,714.35"
01/07/2025,SALARY PAYMENT ACME ENGINEERING LTD,Salary,Income,2712.88,,"14,427.23"
01/07/2025,CARD PAYMENT TO WATERSTONES,Waterstones,Recreation,,23.22,"14,404.01"
01/07/2025,CARD PAYMENT TO PUREGYM,PureGym,Fitness,,20.25,"14,383.76"
02/07/2025,DIRECT DEBIT TO LANDLORD RENT PAYMENT,Rent,Housing,,850,"13,533.76"
02/07/2025,CARD PAYMENT TO TESCO,Tesco,Groceries,,9.5,"13,524.26"
02/07/2025,CARD PAYMENT TO IKEA,Ikea,Shopping,,70.29,"13,453.97"
03/07/2025,DIRECT DEBIT TO VIRGIN MEDIA,Virgin Media,Utilities,,41.93,"13,412.04"
03/07/2025,CARD PAYMENT TO UBER,Uber,Transport,,51.08,"13,360.96"
03/07/2025,CARD PAYMENT TO PUREGYM,PureGym,Fitness,,76.36,"13,284.60"
04/07/2025,CARD PAYMENT TO VIRGIN MEDIA,Virgin Media,Utilities,,45.69,"13,238.91"
04/07/2025,CARD PAYMENT TO VIRGIN MEDIA,Virgin Media,Utilities,,15.39,"13,223.52"
05/07/2025,DIRECT DEBIT TO UNITED UTILITIES,United Utilities,Utilities,,81.08,"13,142.44"
06/07/2025,CARD PAYMENT TO WATERSTONES,Waterstones,Recreation,,17.95,"13,124.49"
06/07/2025,CARD PAYMENT TO CURRYS,Currys,Shopping,,30.39,"13,094.10"
06/07/2025,CARD PAYMENT TO ALDI,Aldi,Groceries,,8.66,"13,085.44"
07/07/2025,DIRECT DEBIT TO UNITED UTILITIES,United Utilities,Utilities,,35.71,"13,049.73"
08/07/2025,CARD PAYMENT TO ASDA,Asda,Groceries,,49.85,"12,999.88"
08/07/2025,CARD PAYMENT TO DISNEY PLUS,Disney Plus,Subscriptions,,4.98,"12,994.90"
08/07/2025,CARD PAYMENT TO TRAINLINE,Trainline,Transport,,18.08,"12,976.82"
09/07/2025,CARD PAYMENT TO DECATHLON,Decathlon,Fitness,,59.56,"12,917.26"
10/07/2025,CARD PAYMENT TO STARBUCKS,Starbucks,Food & Drink,,19.94,"12,897.32"
13/07/2025,CARD PAYMENT TO COSTA COFFEE,Costa Coffee,Food & Drink,,6.83,"12,890.49"
13/07/2025,CARD PAYMENT TO STEAM,Steam,Recreation,,14.64,"12,875.85"
14/07/2025,CARD PAYMENT TO CURRYS,Currys,Shopping,,79.48,"12,796.37"
14/07/2025,CARD PAYMENT TO SPOTIFY,Spotify,Subscriptions,,8.62,"12,787.75"
14/07/2025,CARD PAYMENT TO SPOTIFY,Spotify,Subscriptions,,5.36,"12,782.39"
15/07/2025,CARD PAYMENT TO DECATHLON,Decathlon,Fitness,,58.01,"12,724.38"
15/07/2025,CARD PAYMENT TO NETFLIX,Netflix,Subscriptions,,4.88,"12,719.50"
15/07/2025,CARD PAYMENT TO SAINSBURYS,Sainsburys,Groceries,,45.6,"12,673.90"
18/07/2025,CARD PAYMENT TO JD SPORTS,JD Sports,Shopping,,179.16,"12,494.74"
21/07/2025,CARD PAYMENT TO STARBUCKS,Starbucks,Food & Drink,,19.36,"12,475.38"
23/07/2025,CARD PAYMENT TO TRAINLINE,Trainline,Transport,,13.97,"12,461.41"
24/07/2025,CARD PAYMENT TO MORRISONS,Morrisons,Groceries,,15.9,"12,445.51"
26/07/2025,CARD PAYMENT TO CINEWORLD,Cineworld,Recreation,,34.08,"12,411.43"
28/07/2025,CARD PAYMENT TO CINEWORLD,Cineworld,Recreation,,47.26,"12,364.17"
29/07/2025,CARD PAYMENT TO DECATHLON,Decathlon,Fitness,,75.34,"12,288.83"
29/07/2025,CARD PAYMENT TO STEAM,Steam,Recreation,,19.89,"12,268.94"
29/07/2025,CARD PAYMENT TO CINEWORLD,Cineworld,Recreation,,15.14,"12,253.80"
30/07/2025,CARD PAYMENT TO OCTOPUS ENERGY,Octopus Energy,Utilities,,47.92,"12,205.88"
30/07/2025,CARD PAYMENT TO APPLE,Apple,Subscriptions,,16.13,"12,189.75"
31/07/2025,CARD PAYMENT TO CINEWORLD,Cineworld,Recreation,,41.15,"12,148.60"
01/08/2025,SALARY PAYMENT ACME ENGINEERING LTD,Salary,Income,2553.22,,"14,701.82"
02/08/2025,DIRECT DEBIT TO LANDLORD RENT PAYMENT,Rent,Housing,,850,"13,851.82"
02/08/2025,CARD PAYMENT TO AMAZON,Amazon,Shopping,,89.15,"13,762.67"
02/08/2025,CARD PAYMENT TO LIDL,Lidl,Groceries,,22.42,"13,740.25"
03/08/2025,DIRECT DEBIT TO VIRGIN MEDIA,Virgin Media,Utilities,,45.54,"13,694.71"
03/08/2025,CARD PAYMENT TO PUREGYM,PureGym,Fitness,,26.88,"13,667.83"
03/08/2025,CARD PAYMENT TO JD SPORTS,JD Sports,Shopping,,145.5,"13,522.33"
04/08/2025,CARD PAYMENT TO SHELL,Shell,Transport,,19.19,"13,503.14"
04/08/2025,CARD PAYMENT TO IKEA,Ikea,Shopping,,38.93,"13,464.21"
05/08/2025,DIRECT DEBIT TO VIRGIN MEDIA,Virgin Media,Utilities,,33.56,"13,430.65"
05/08/2025,CARD PAYMENT TO ASDA,Asda,Groceries,,26.75,"13,403.90"
05/08/2025,CARD PAYMENT TO DISNEY PLUS,Disney Plus,Subscriptions,,16.38,"13,387.52"
07/08/2025,DIRECT DEBIT TO VIRGIN MEDIA,Virgin Media,Utilities,,44.85,"13,342.67"
08/08/2025,CARD PAYMENT TO UBER EATS,Uber Eats,Food & Drink,,10.51,"13,332.16"
10/08/2025,CARD PAYMENT TO DECATHLON,Decathlon,Fitness,,68.8,"13,263.36"
10/08/2025,CARD PAYMENT TO BP,BP,Transport,,10.58,"13,252.78"
10/08/2025,CARD PAYMENT TO APPLE,Apple,Subscriptions,,2.75,"13,250.03"
11/08/2025,CARD PAYMENT TO PUREGYM,PureGym,Fitness,,27.45,"13,222.58"
11/08/2025,CARD PAYMENT TO UNITED UTILITIES,United Utilities,Utilities,,19.71,"13,202.87"
12/08/2025,CARD PAYMENT TO SHELL,Shell,Transport,,22.82,"13,180.05"
12/08/2025,CARD PAYMENT TO ALDI,Aldi,Groceries,,24.21,"13,155.84"
13/08/2025,CARD PAYMENT TO LIDL,Lidl,Groceries,,60.33,"13,095.51"
13/08/2025,CARD PAYMENT TO MORRISONS,Morrisons,Groceries,,44.75,"13,050.76"
13/08/2025,CARD PAYMENT TO PRET,Pret,Food & Drink,,5.57,"13,045.19"
14/08/2025,CARD PAYMENT TO CINEWORLD,Cineworld,Recreation,,25.86,"13,019.33"
14/08/2025,CARD PAYMENT TO JD SPORTS,JD Sports,Shopping,,28.16,"12,991.17"
14/08/2025,CARD PAYMENT TO JD SPORTS,JD Sports,Shopping,,116.03,"12,875.14"
15/08/2025,CARD PAYMENT TO WATERSTONES,Waterstones,Recreation,,59.2,"12,815.94"
15/08/2025,CARD PAYMENT TO SPOTIFY,Spotify,Subscriptions,,15.49,"12,800.45"
18/08/2025,CARD PAYMENT TO TESCO,Tesco,Groceries,,15.91,"12,784.54"
19/08/2025,CARD PAYMENT TO PUREGYM,PureGym,Fitness,,30.21,"12,754.33"
19/08/2025,CARD PAYMENT TO TRAINLINE,Trainline,Transport,,50.44,"12,703.89"
22/08/2025,CARD PAYMENT TO TESCO,Tesco,Groceries,,10.74,"12,693.15"
22/08/2025,CARD PAYMENT TO STEAM,Steam,Recreation,,23.19,"12,669.96"
23/08/2025,CARD PAYMENT TO WATERSTONES,Waterstones,Recreation,,18.52,"12,651.44"
23/08/2025,CARD PAYMENT TO UNITED UTILITIES,United Utilities,Utilities,,25.73,"12,625.71"
23/08/2025,CARD PAYMENT TO VIRGIN MEDIA,Virgin Media,Utilities,,43.79,"12,581.92"
24/08/2025,CARD PAYMENT TO SPOTIFY,Spotify,Subscriptions,,10.35,"12,571.57"
24/08/2025,CARD PAYMENT TO UBER,Uber,Transport,,42.39,"12,529.18"
24/08/2025,CARD PAYMENT TO CINEWORLD,Cineworld,Recreation,,48.63,"12,480.55"
25/08/2025,CARD PAYMENT TO SHELL,Shell,Transport,,21.72,"12,458.83"
25/08/2025,CARD PAYMENT TO WATERSTONES,Waterstones,Recreation,,14.14,"12,444.69"
26/08/2025,CARD PAYMENT TO SHELL,Shell,Transport,,11.91,"12,432.78"
27/08/2025,CARD PAYMENT TO SAINSBURYS,Sainsburys,Groceries,,8.75,"12,424.03"
27/08/2025,CARD PAYMENT TO UBER,Uber,Transport,,50.56,"12,373.47"
27/08/2025,CARD PAYMENT TO UBER,Uber,Transport,,13.44,"12,360.03"
29/08/2025,CARD PAYMENT TO WATERSTONES,Waterstones,Recreation,,32.7,"12,327.33"
29/08/2025,CARD PAYMENT TO UNITED UTILITIES,United Utilities,Utilities,,9.75,"12,317.58"
30/08/2025,CARD PAYMENT TO TRAINLINE,Trainline,Transport,,28.05,"12,289.53"
31/08/2025,CARD PAYMENT TO UBER,Uber,Transport,,17.77,"12,271.76"
01/09/2025,SALARY PAYMENT ACME ENGINEERING LTD,Salary,Income,2511.14,,"14,782.90"
01/09/2025,CARD PAYMENT TO WATERSTONES,Waterstones,Recreation,,42.42,"14,740.48"
02/09/2025,DIRECT DEBIT TO LANDLORD RENT PAYMENT,Rent,Housing,,850,"13,890.48"
02/09/2025,CARD PAYMENT TO SPOTIFY,Spotify,Subscriptions,,13.92,"13,876.56"
03/09/2025,DIRECT DEBIT TO OCTOPUS ENERGY,Octopus Energy,Utilities,,26.16,"13,850.40"
03/09/2025,CARD PAYMENT TO VIRGIN MEDIA,Virgin Media,Utilities,,6.29,"13,844.11"
03/09/2025,CARD PAYMENT TO DISNEY PLUS,Disney Plus,Subscriptions,,6.25,"13,837.86"
05/09/2025,DIRECT DEBIT TO VIRGIN MEDIA,Virgin Media,Utilities,,55.2,"13,782.66"
05/09/2025,CARD PAYMENT TO DECATHLON,Decathlon,Fitness,,50.48,"13,732.18"
07/09/2025,DIRECT DEBIT TO VIRGIN MEDIA,Virgin Media,Utilities,,44.08,"13,688.10"
09/09/2025,CARD PAYMENT TO PUREGYM,PureGym,Fitness,,37.64,"13,650.46"
09/09/2025,CARD PAYMENT TO PUREGYM,PureGym,Fitness,,55.64,"13,594.82"
10/09/2025,CARD PAYMENT TO PUREGYM,PureGym,Fitness,,60.87,"13,533.95"
10/09/2025,CARD PAYMENT TO SHELL,Shell,Transport,,19.42,"13,514.53"
13/09/2025,CARD PAYMENT TO SHELL,Shell,Transport,,35.67,"13,478.86"
13/09/2025,CARD PAYMENT TO STEAM,Steam,Recreation,,54.13,"13,424.73"
14/09/2025,CARD PAYMENT TO DECATHLON,Decathlon,Fitness,,26.08,"13,398.65"
14/09/2025,CARD PAYMENT TO CINEWORLD,Cineworld,Recreation,,20.29,"13,378.36"
14/09/2025,CARD PAYMENT TO TRAINLINE,Trainline,Transport,,41.12,"13,337.24"
15/09/2025,CARD PAYMENT TO TESCO,Tesco,Groceries,,18.55,"13,318.69"
16/09/2025,CARD PAYMENT TO WATERSTONES,Waterstones,Recreation,,21.93,"13,296.76"
16/09/2025,CARD PAYMENT TO AMAZON,Amazon,Shopping,,42.5,"13,254.26"
16/09/2025,CARD PAYMENT TO JD SPORTS,JD Sports,Shopping,,38.4,"13,215.86"
18/09/2025,CARD PAYMENT TO DECATHLON,Decathlon,Fitness,,21.25,"13,194.61"
18/09/2025,CARD PAYMENT TO STEAM,Steam,Recreation,,18.54,"13,176.07"
18/09/2025,CARD PAYMENT TO LIDL,Lidl,Groceries,,28.07,"13,148.00"
19/09/2025,CARD PAYMENT TO ALDI,Aldi,Groceries,,57.77,"13,090.23"
19/09/2025,CARD PAYMENT TO SPOTIFY,Spotify,Subscriptions,,2.72,"13,087.51"
21/09/2025,CARD PAYMENT TO BP,BP,Transport,,47.26,"13,040.25"
21/09/2025,CARD PAYMENT TO COSTA COFFEE,Costa Coffee,Food & Drink,,11.22,"13,029.03"
22/09/2025,CARD PAYMENT TO APPLE,Apple,Subscriptions,,13.76,"13,015.27"
23/09/2025,CARD PAYMENT TO DISNEY PLUS,Disney Plus,Subscriptions,,7.83,"13,007.44"
23/09/2025,CARD PAYMENT TO MORRISONS,Morrisons,Groceries,,25.16,"12,982.28"
25/09/2025,CARD PAYMENT TO GREGGS,Greggs,Food & Drink,,21.52,"12,960.76"
25/09/2025,CARD PAYMENT TO SAINSBURYS,Sainsburys,Groceries,,63.78,"12,896.98"
25/09/2025,CARD PAYMENT TO BP,BP,Transport,,26.57,"12,870.41"
28/09/2025,CARD PAYMENT TO CURRYS,Currys,Shopping,,137.82,"12,732.59"
28/09/2025,CARD PAYMENT TO UBER,Uber,Transport,,41.21,"12,691.38"
28/09/2025,CARD PAYMENT TO WATERSTONES,Waterstones,Recreation,,43.94,"12,647.44"
29/09/2025,CARD PAYMENT TO VIRGIN MEDIA,Virgin Media,Utilities,,45.96,"12,601.48"
29/09/2025,CARD PAYMENT TO IKEA,Ikea,Shopping,,79.52,"12,521.96"
30/09/2025,CARD PAYMENT TO CINEWORLD,Cineworld,Recreation,,19.53,"12,502.43"
01/10/2025,SALARY PAYMENT ACME ENGINEERING LTD,Salary,Income,2680.73,,"15,183.16"
02/10/2025,DIRECT DEBIT TO LANDLORD RENT PAYMENT,Rent,Housing,,850,"14,333.16"
02/10/2025,CARD PAYMENT TO DISNEY PLUS,Disney Plus,Subscriptions,,6.61,"14,326.55"
02/10/2025,CARD PAYMENT TO ALDI,Aldi,Groceries,,60.85,"14,265.70"
02/10/2025,CARD PAYMENT TO VIRGIN MEDIA,Virgin Media,Utilities,,35.64,"14,230.06"
03/10/2025,DIRECT DEBIT TO UNITED UTILITIES,United Utilities,Utilities,,92.67,"14,137.39"
03/10/2025,CARD PAYMENT TO CINEWORLD,Cineworld,Recreation,,24.41,"14,112.98"
04/10/2025,CARD PAYMENT TO ALDI,Aldi,Groceries,,10.33,"14,102.65"
04/10/2025,CARD PAYMENT TO WATERSTONES,Waterstones,Recreation,,16.17,"14,086.48"
05/10/2025,DIRECT DEBIT TO VIRGIN MEDIA,Virgin Media,Utilities,,46.41,"14,040.07"
05/10/2025,CARD PAYMENT TO AMAZON,Amazon,Shopping,,23.23,"14,016.84"
05/10/2025,CARD PAYMENT TO VIRGIN MEDIA,Virgin Media,Utilities,,44.54,"13,972.30"
06/10/2025,CARD PAYMENT TO DELIVEROO,Deliveroo,Food & Drink,,10.31,"13,961.99"
07/10/2025,DIRECT DEBIT TO UNITED UTILITIES,United Utilities,Utilities,,38.77,"13,923.22"
08/10/2025,CARD PAYMENT TO SHELL,Shell,Transport,,32.61,"13,890.61"
08/10/2025,CARD PAYMENT TO CURRYS,Currys,Shopping,,148.93,"13,741.68"
09/10/2025,CARD PAYMENT TO DECATHLON,Decathlon,Fitness,,78.01,"13,663.67"
09/10/2025,CARD PAYMENT TO GREGGS,Greggs,Food & Drink,,27.85,"13,635.82"
10/10/2025,CARD PAYMENT TO UNITED UTILITIES,United Utilities,Utilities,,24.61,"13,611.21"
10/10/2025,CARD PAYMENT TO CURRYS,Currys,Shopping,,127.75,"13,483.46"
11/10/2025,CARD PAYMENT TO STEAM,Steam,Recreation,,30.82,"13,452.64"
12/10/2025,CARD PAYMENT TO CINEWORLD,Cineworld,Recreation,,14.28,"13,438.36"
13/10/2025,CARD PAYMENT TO VIRGIN MEDIA,Virgin Media,Utilities,,40.21,"13,398.15"
13/10/2025,CARD PAYMENT TO PUREGYM,PureGym,Fitness,,28.32,"13,369.83"
14/10/2025,CARD PAYMENT TO IKEA,Ikea,Shopping,,92.28,"13,277.55"
14/10/2025,CARD PAYMENT TO DECATHLON,Decathlon,Fitness,,45.23,"13,232.32"
14/10/2025,CARD PAYMENT TO DECATHLON,Decathlon,Fitness,,21.66,"13,210.66"
16/10/2025,CARD PAYMENT TO NANDOS,Nandos,Food & Drink,,6.8,"13,203.86"
16/10/2025,CARD PAYMENT TO STEAM,Steam,Recreation,,39.02,"13,164.84"
16/10/2025,CARD PAYMENT TO CURRYS,Currys,Shopping,,117.45,"13,047.39"
17/10/2025,CARD PAYMENT TO ALDI,Aldi,Groceries,,15.18,"13,032.21"
17/10/2025,CARD PAYMENT TO ALDI,Aldi,Groceries,,54.03,"12,978.18"
18/10/2025,CARD PAYMENT TO TESCO,Tesco,Groceries,,11.12,"12,967.06"
18/10/2025,CARD PAYMENT TO GREGGS,Greggs,Food & Drink,,19.05,"12,948.01"
18/10/2025,CARD PAYMENT TO WATERSTONES,Waterstones,Recreation,,34.07,"12,913.94"
19/10/2025,CARD PAYMENT TO TESCO,Tesco,Groceries,,50.21,"12,863.73"
23/10/2025,CARD PAYMENT TO OCTOPUS ENERGY,Octopus Energy,Utilities,,45.28,"12,818.45"
23/10/2025,CARD PAYMENT TO VIRGIN MEDIA,Virgin Media,Utilities,,33.27,"12,785.18"
23/10/2025,CARD PAYMENT TO ALDI,Aldi,Groceries,,43.55,"12,741.63"
24/10/2025,CARD PAYMENT TO COSTA COFFEE,Costa Coffee,Food & Drink,,3,"12,738.63"
27/10/2025,CARD PAYMENT TO SHELL,Shell,Transport,,32.63,"12,706.00"
28/10/2025,CARD PAYMENT TO PUREGYM,PureGym,Fitness,,75.56,"12,630.44"
28/10/2025,CARD PAYMENT TO CINEWORLD,Cineworld,Recreation,,34.19,"12,596.25"
28/10/2025,CARD PAYMENT TO OCTOPUS ENERGY,Octopus Energy,Utilities,,42.88,"12,553.37"
29/10/2025,CARD PAYMENT TO SPOTIFY,Spotify,Subscriptions,,8.92,"12,544.45"
31/10/2025,CARD PAYMENT TO UNITED UTILITIES,United Utilities,Utilities,,34.59,"12,509.86"
01/11/2025,SALARY PAYMENT ACME ENGINEERING LTD,Salary,Income,2468.31,,"14,978.17"
01/11/2025,CARD PAYMENT TO APPLE,Apple,Subscriptions,,6.64,"14,971.53"
02/11/2025,DIRECT DEBIT TO LANDLORD RENT PAYMENT,Rent,Housing,,850,"14,121.53"
03/11/2025,DIRECT DEBIT TO UNITED UTILITIES,United Utilities,Utilities,,59.51,"14,062.02"
03/11/2025,CARD PAYMENT TO DECATHLON,Decathlon,Fitness,,61.86,"14,000.16"
03/11/2025,CARD PAYMENT TO PRET,Pret,Food & Drink,,14.26,"13,985.90"
04/11/2025,CARD PAYMENT TO OCTOPUS ENERGY,Octopus Energy,Utilities,,17.75,"13,968.15"
04/11/2025,CARD PAYMENT TO UBER EATS,Uber Eats,Food & Drink,,13.51,"13,954.64"
05/11/2025,DIRECT DEBIT TO VIRGIN MEDIA,Virgin Media,Utilities,,27.39,"13,927.25"
05/11/2025,CARD PAYMENT TO MORRISONS,Morrisons,Groceries,,62.88,"13,864.37"
05/11/2025,CARD PAYMENT TO APPLE,Apple,Subscriptions,,6.43,"13,857.94"
05/11/2025,CARD PAYMENT TO VIRGIN MEDIA,Virgin Media,Utilities,,27.53,"13,830.41"
06/11/2025,CARD PAYMENT TO JD SPORTS,JD Sports,Shopping,,99.65,"13,730.76"
07/11/2025,DIRECT DEBIT TO OCTOPUS ENERGY,Octopus Energy,Utilities,,70.91,"13,659.85"
07/11/2025,CARD PAYMENT TO JD SPORTS,JD Sports,Shopping,,133.01,"13,526.84"
08/11/2025,CARD PAYMENT TO WATERSTONES,Waterstones,Recreation,,25.15,"13,501.69"
09/11/2025,CARD PAYMENT TO NANDOS,Nandos,Food & Drink,,20.42,"13,481.27"
09/11/2025,CARD PAYMENT TO DECATHLON,Decathlon,Fitness,,56.35,"13,424.92"
09/11/2025,CARD PAYMENT TO UNITED UTILITIES,United Utilities,Utilities,,36.88,"13,388.04"
10/11/2025,CARD PAYMENT TO UNITED UTILITIES,United Utilities,Utilities,,19.58,"13,368.46"
12/11/2025,CARD PAYMENT TO COSTA COFFEE,Costa Coffee,Food & Drink,,3.8,"13,364.66"
12/11/2025,CARD PAYMENT TO OCTOPUS ENERGY,Octopus Energy,Utilities,,9.34,"13,355.32"
12/11/2025,CARD PAYMENT TO PRET,Pret,Food & Drink,,28.22,"13,327.10"
13/11/2025,CARD PAYMENT TO CURRYS,Currys,Shopping,,176.92,"13,150.18"
13/11/2025,CARD PAYMENT TO SHELL,Shell,Transport,,54.79,"13,095.39"
13/11/2025,CARD PAYMENT TO UNITED UTILITIES,United Utilities,Utilities,,45.16,"13,050.23"
14/11/2025,CARD PAYMENT TO COSTA COFFEE,Costa Coffee,Food & Drink,,19.52,"13,030.71"
14/11/2025,CARD PAYMENT TO COSTA COFFEE,Costa Coffee,Food & Drink,,25.86,"13,004.85"
14/11/2025,CARD PAYMENT TO PRET,Pret,Food & Drink,,23.61,"12,981.24"
16/11/2025,CARD PAYMENT TO AMAZON,Amazon,Shopping,,130.29,"12,850.95"
17/11/2025,CARD PAYMENT TO UNITED UTILITIES,United Utilities,Utilities,,30.82,"12,820.13"
17/11/2025,CARD PAYMENT TO BP,BP,Transport,,21.13,"12,799.00"
17/11/2025,CARD PAYMENT TO DISNEY PLUS,Disney Plus,Subscriptions,,5.61,"12,793.39"
18/11/2025,CARD PAYMENT TO PUREGYM,PureGym,Fitness,,25.16,"12,768.23"
21/11/2025,CARD PAYMENT TO SAINSBURYS,Sainsburys,Groceries,,58.92,"12,709.31"
22/11/2025,CARD PAYMENT TO PUREGYM,PureGym,Fitness,,40.44,"12,668.87"
23/11/2025,CARD PAYMENT TO BP,BP,Transport,,37.66,"12,631.21"
23/11/2025,CARD PAYMENT TO DISNEY PLUS,Disney Plus,Subscriptions,,7.7,"12,623.51"
24/11/2025,CARD PAYMENT TO PRET,Pret,Food & Drink,,14.54,"12,608.97"
25/11/2025,CARD PAYMENT TO UBER EATS,Uber Eats,Food & Drink,,5.11,"12,603.86"
25/11/2025,CARD PAYMENT TO STEAM,Steam,Recreation,,15.9,"12,587.96"
26/11/2025,CARD PAYMENT TO LIDL,Lidl,Groceries,,38.81,"12,549.15"
28/11/2025,CARD PAYMENT TO CINEWORLD,Cineworld,Recreation,,29.52,"12,519.63"
29/11/2025,CARD PAYMENT TO NANDOS,Nandos,Food & Drink,,26.53,"12,493.10"
29/11/2025,CARD PAYMENT TO STEAM,Steam,Recreation,,36.72,"12,456.38"
01/12/2025,SALARY PAYMENT ACME ENGINEERING LTD,Salary,Income,2772.72,,"15,229.10"
01/12/2025,CARD PAYMENT TO PUREGYM,PureGym,Fitness,,52.76,"15,176.34"
01/12/2025,CARD PAYMENT TO UBER EATS,Uber Eats,Food & Drink,,15.72,"15,160.62"
02/12/2025,DIRECT DEBIT TO LANDLORD RENT PAYMENT,Rent,Housing,,850,"14,310.62"
02/12/2025,CARD PAYMENT TO TESCO,Tesco,Groceries,,27.27,"14,283.35"
02/12/2025,CARD PAYMENT TO STEAM,Steam,Recreation,,26.73,"14,256.62"
03/12/2025,DIRECT DEBIT TO OCTOPUS ENERGY,Octopus Energy,Utilities,,34.75,"14,221.87"
03/12/2025,CARD PAYMENT TO SAINSBURYS,Sainsburys,Groceries,,36.13,"14,185.74"
05/12/2025,DIRECT DEBIT TO VIRGIN MEDIA,Virgin Media,Utilities,,93.67,"14,092.07"
05/12/2025,CARD PAYMENT TO UBER EATS,Uber Eats,Food & Drink,,15.93,"14,076.14"
06/12/2025,CARD PAYMENT TO WATERSTONES,Waterstones,Recreation,,12.09,"14,064.05"
07/12/2025,DIRECT DEBIT TO OCTOPUS ENERGY,Octopus Energy,Utilities,,59.76,"14,004.29"
07/12/2025,CARD PAYMENT TO JD SPORTS,JD Sports,Shopping,,93.8,"13,910.49"
08/12/2025,CARD PAYMENT TO TESCO,Tesco,Groceries,,9.5,"13,900.99"
10/12/2025,CARD PAYMENT TO LIDL,Lidl,Groceries,,35.48,"13,865.51"
10/12/2025,CARD PAYMENT TO DECATHLON,Decathlon,Fitness,,61.73,"13,803.78"
10/12/2025,CARD PAYMENT TO DECATHLON,Decathlon,Fitness,,52.97,"13,750.81"
12/12/2025,CARD PAYMENT TO UBER EATS,Uber Eats,Food & Drink,,29.53,"13,721.28"
12/12/2025,CARD PAYMENT TO IKEA,Ikea,Shopping,,46.95,"13,674.33"
12/12/2025,CARD PAYMENT TO PUREGYM,PureGym,Fitness,,34.29,"13,640.04"
15/12/2025,CARD PAYMENT TO PUREGYM,PureGym,Fitness,,79.46,"13,560.58"
17/12/2025,CARD PAYMENT TO TESCO,Tesco,Groceries,,11.23,"13,549.35"
18/12/2025,CARD PAYMENT TO VIRGIN MEDIA,Virgin Media,Utilities,,6.97,"13,542.38"
18/12/2025,CARD PAYMENT TO CURRYS,Currys,Shopping,,179.68,"13,362.70"
18/12/2025,CARD PAYMENT TO UNITED UTILITIES,United Utilities,Utilities,,22.9,"13,339.80"
22/12/2025,CARD PAYMENT TO UBER,Uber,Transport,,44.67,"13,295.13"
23/12/2025,CARD PAYMENT TO UBER,Uber,Transport,,45.08,"13,250.05"
23/12/2025,CARD PAYMENT TO IKEA,Ikea,Shopping,,158.38,"13,091.67"
25/12/2025,CARD PAYMENT TO AMAZON,Amazon,Shopping,,23.91,"13,067.76"
25/12/2025,CARD PAYMENT TO DECATHLON,Decathlon,Fitness,,36.79,"13,030.97"
26/12/2025,CARD PAYMENT TO UNITED UTILITIES,United Utilities,Utilities,,15.37,"13,015.60"
27/12/2025,CARD PAYMENT TO GREGGS,Greggs,Food & Drink,,22.57,"12,993.03"
28/12/2025,CARD PAYMENT TO SAINSBURYS,Sainsburys,Groceries,,47.81,"12,945.22"
29/12/2025,CARD PAYMENT TO COSTA COFFEE,Costa Coffee,Food & Drink,,16.47,"12,928.75"
29/12/2025,CARD PAYMENT TO MORRISONS,Morrisons,Groceries,,23.84,"12,904.91"
29/12/2025,CARD PAYMENT TO DECATHLON,Decathlon,Fitness,,69.63,"12,835.28"
01/01/2026,SALARY PAYMENT ACME ENGINEERING LTD,Salary,Income,2511.64,,"15,346.92"
01/01/2026,CARD PAYMENT TO SPOTIFY,Spotify,Subscriptions,,15.8,"15,331.12"
01/01/2026,CARD PAYMENT TO DECATHLON,Decathlon,Fitness,,22.66,"15,308.46"
01/01/2026,CARD PAYMENT TO UBER,Uber,Transport,,17.59,"15,290.87"
02/01/2026,DIRECT DEBIT TO LANDLORD RENT PAYMENT,Rent,Housing,,850,"14,440.87"
02/01/2026,CARD PAYMENT TO ASDA,Asda,Groceries,,25.39,"14,415.48"
03/01/2026,DIRECT DEBIT TO VIRGIN MEDIA,Virgin Media,Utilities,,90.61,"14,324.87"
03/01/2026,CARD PAYMENT TO WATERSTONES,Waterstones,Recreation,,20.83,"14,304.04"
03/01/2026,CARD PAYMENT TO MORRISONS,Morrisons,Groceries,,49.37,"14,254.67"
04/01/2026,CARD PAYMENT TO PUREGYM,PureGym,Fitness,,68.44,"14,186.23"
04/01/2026,CARD PAYMENT TO DECATHLON,Decathlon,Fitness,,71.51,"14,114.72"
05/01/2026,DIRECT DEBIT TO UNITED UTILITIES,United Utilities,Utilities,,57.45,"14,057.27"
05/01/2026,CARD PAYMENT TO VIRGIN MEDIA,Virgin Media,Utilities,,26.03,"14,031.24"
05/01/2026,CARD PAYMENT TO BP,BP,Transport,,55.2,"13,976.04"
06/01/2026,CARD PAYMENT TO STEAM,Steam,Recreation,,59.94,"13,916.10"
07/01/2026,DIRECT DEBIT TO VIRGIN MEDIA,Virgin Media,Utilities,,48.63,"13,867.47"
07/01/2026,CARD PAYMENT TO LIDL,Lidl,Groceries,,23.63,"13,843.84"
07/01/2026,CARD PAYMENT TO WATERSTONES,Waterstones,Recreation,,22.53,"13,821.31"
10/01/2026,CARD PAYMENT TO IKEA,Ikea,Shopping,,154.85,"13,666.46"
11/01/2026,CARD PAYMENT TO SPOTIFY,Spotify,Subscriptions,,9.04,"13,657.42"
11/01/2026,CARD PAYMENT TO SPOTIFY,Spotify,Subscriptions,,17.45,"13,639.97"
11/01/2026,CARD PAYMENT TO NETFLIX,Netflix,Subscriptions,,8.54,"13,631.43"
14/01/2026,CARD PAYMENT TO PRET,Pret,Food & Drink,,7.85,"13,623.58"
14/01/2026,CARD PAYMENT TO CINEWORLD,Cineworld,Recreation,,53.45,"13,570.13"
15/01/2026,CARD PAYMENT TO BP,BP,Transport,,15.64,"13,554.49"
17/01/2026,CARD PAYMENT TO DELIVEROO,Deliveroo,Food & Drink,,4.04,"13,550.45"
18/01/2026,CARD PAYMENT TO AMAZON,Amazon,Shopping,,106.31,"13,444.14"
18/01/2026,CARD PAYMENT TO SHELL,Shell,Transport,,57.49,"13,386.65"
19/01/2026,CARD PAYMENT TO STEAM,Steam,Recreation,,43.92,"13,342.73"
19/01/2026,CARD PAYMENT TO AMAZON,Amazon,Shopping,,114.1,"13,228.63"
20/01/2026,CARD PAYMENT TO COSTA COFFEE,Costa Coffee,Food & Drink,,16.69,"13,211.94"
20/01/2026,CARD PAYMENT TO UBER EATS,Uber Eats,Food & Drink,,5.09,"13,206.85"
21/01/2026,CARD PAYMENT TO IKEA,Ikea,Shopping,,151.81,"13,055.04"
22/01/2026,CARD PAYMENT TO DELIVEROO,Deliveroo,Food & Drink,,14.51,"13,040.53"
22/01/2026,CARD PAYMENT TO STEAM,Steam,Recreation,,11.23,"13,029.30"
23/01/2026,CARD PAYMENT TO JD SPORTS,JD Sports,Shopping,,163.07,"12,866.23"
23/01/2026,CARD PAYMENT TO JD SPORTS,JD Sports,Shopping,,170.51,"12,695.72"
24/01/2026,CARD PAYMENT TO SAINSBURYS,Sainsburys,Groceries,,28.99,"12,666.73"
25/01/2026,CARD PAYMENT TO UNITED UTILITIES,United Utilities,Utilities,,6.15,"12,660.58"
26/01/2026,CARD PAYMENT TO IKEA,Ikea,Shopping,,170.09,"12,490.49"
27/01/2026,CARD PAYMENT TO ASDA,Asda,Groceries,,49.4,"12,441.09"
27/01/2026,CARD PAYMENT TO PUREGYM,PureGym,Fitness,,77.31,"12,363.78"
29/01/2026,CARD PAYMENT TO NANDOS,Nandos,Food & Drink,,26.72,"12,337.06"
29/01/2026,CARD PAYMENT TO LIDL,Lidl,Groceries,,34.92,"12,302.14"
30/01/2026,CARD PAYMENT TO IKEA,Ikea,Shopping,,47.18,"12,254.96"
30/01/2026,CARD PAYMENT TO STEAM,Steam,Recreation,,26.43,"12,228.53"
31/01/2026,CARD PAYMENT TO UBER,Uber,Transport,,24.37,"12,204.16"
31/01/2026,CARD PAYMENT TO DELIVEROO,Deliveroo,Food & Drink,,9.51,"12,194.65"
01/02/2026,SALARY PAYMENT ACME ENGINEERING LTD,Salary,Income,2693.12,,"14,887.77"
01/02/2026,CARD PAYMENT TO AMAZON,Amazon,Shopping,,73.08,"14,814.69"
01/02/2026,CARD PAYMENT TO GREGGS,Greggs,Food & Drink,,20.64,"14,794.05"
02/02/2026,DIRECT DEBIT TO LANDLORD RENT PAYMENT,Rent,Housing,,850,"13,944.05"
02/02/2026,CARD PAYMENT TO APPLE,Apple,Subscriptions,,5.68,"13,938.37"
03/02/2026,DIRECT DEBIT TO OCTOPUS ENERGY,Octopus Energy,Utilities,,89.8,"13,848.57"
03/02/2026,CARD PAYMENT TO PUREGYM,PureGym,Fitness,,56.33,"13,792.24"
04/02/2026,CARD PAYMENT TO IKEA,Ikea,Shopping,,34.46,"13,757.78"
04/02/2026,CARD PAYMENT TO DECATHLON,Decathlon,Fitness,,50.3,"13,707.48"
05/02/2026,DIRECT DEBIT TO OCTOPUS ENERGY,Octopus Energy,Utilities,,65.32,"13,642.16"
05/02/2026,CARD PAYMENT TO VIRGIN MEDIA,Virgin Media,Utilities,,5.7,"13,636.46"
07/02/2026,DIRECT DEBIT TO VIRGIN MEDIA,Virgin Media,Utilities,,43.44,"13,593.02"
07/02/2026,CARD PAYMENT TO STARBUCKS,Starbucks,Food & Drink,,26.48,"13,566.54"
07/02/2026,CARD PAYMENT TO PUREGYM,PureGym,Fitness,,61.4,"13,505.14"
07/02/2026,CARD PAYMENT TO STARBUCKS,Starbucks,Food & Drink,,16.9,"13,488.24"
08/02/2026,CARD PAYMENT TO DECATHLON,Decathlon,Fitness,,27.65,"13,460.59"
08/02/2026,CARD PAYMENT TO TRAINLINE,Trainline,Transport,,14.19,"13,446.40"
13/02/2026,CARD PAYMENT TO APPLE,Apple,Subscriptions,,12.09,"13,434.31"
13/02/2026,CARD PAYMENT TO DECATHLON,Decathlon,Fitness,,65.46,"13,368.85"
14/02/2026,CARD PAYMENT TO UNITED UTILITIES,United Utilities,Utilities,,39.47,"13,329.38"
16/02/2026,CARD PAYMENT TO LIDL,Lidl,Groceries,,41.8,"13,287.58"
17/02/2026,CARD PAYMENT TO DECATHLON,Decathlon,Fitness,,46.32,"13,241.26"
18/02/2026,CARD PAYMENT TO STARBUCKS,Starbucks,Food & Drink,,11.03,"13,230.23"
18/02/2026,CARD PAYMENT TO AMAZON,Amazon,Shopping,,108.08,"13,122.15"
19/02/2026,CARD PAYMENT TO CINEWORLD,Cineworld,Recreation,,29.2,"13,092.95"
19/02/2026,CARD PAYMENT TO OCTOPUS ENERGY,Octopus Energy,Utilities,,6.89,"13,086.06"
19/02/2026,CARD PAYMENT TO UBER,Uber,Transport,,35,"13,051.06"
20/02/2026,CARD PAYMENT TO GREGGS,Greggs,Food & Drink,,10.69,"13,040.37"
20/02/2026,CARD PAYMENT TO GREGGS,Greggs,Food & Drink,,10.39,"13,029.98"
21/02/2026,CARD PAYMENT TO BP,BP,Transport,,23,"13,006.98"
21/02/2026,CARD PAYMENT TO WATERSTONES,Waterstones,Recreation,,47.67,"12,959.31"
21/02/2026,CARD PAYMENT TO TRAINLINE,Trainline,Transport,,15.33,"12,943.98"
23/02/2026,CARD PAYMENT TO LIDL,Lidl,Groceries,,59.44,"12,884.54"
24/02/2026,CARD PAYMENT TO ALDI,Aldi,Groceries,,55.45,"12,829.09"
26/02/2026,CARD PAYMENT TO TRAINLINE,Trainline,Transport,,56.97,"12,772.12"
27/02/2026,CARD PAYMENT TO NETFLIX,Netflix,Subscriptions,,15.3,"12,756.82"
27/02/2026,CARD PAYMENT TO STEAM,Steam,Recreation,,45.81,"12,711.01"
27/02/2026,CARD PAYMENT TO PRET,Pret,Food & Drink,,27,"12,684.01"
28/02/2026,CARD PAYMENT TO STEAM,Steam,Recreation,,53.23,"12,630.78"
28/02/2026,CARD PAYMENT TO WATERSTONES,Waterstones,Recreation,,43.44,"12,587.34"
28/02/2026,CARD PAYMENT TO AMAZON,Amazon,Shopping,,137.81,"12,449.53"
01/03/2026,SALARY PAYMENT ACME ENGINEERING LTD,Salary,Income,2488.98,,"14,938.51"
02/03/2026,DIRECT DEBIT TO LANDLORD RENT PAYMENT,Rent,Housing,,850,"14,088.51"
02/03/2026,CARD PAYMENT TO UNITED UTILITIES,United Utilities,Utilities,,20.09,"14,068.42"
02/03/2026,CARD PAYMENT TO SPOTIFY,Spotify,Subscriptions,,13.31,"14,055.11"
03/03/2026,DIRECT DEBIT TO VIRGIN MEDIA,Virgin Media,Utilities,,87.46,"13,967.65"
04/03/2026,CARD PAYMENT TO DELIVEROO,Deliveroo,Food & Drink,,24.44,"13,943.21"
04/03/2026,CARD PAYMENT TO CURRYS,Currys,Shopping,,153.84,"13,789.37"
04/03/2026,CARD PAYMENT TO ASDA,Asda,Groceries,,43.76,"13,745.61"
05/03/2026,DIRECT DEBIT TO OCTOPUS ENERGY,Octopus Energy,Utilities,,34.58,"13,711.03"
05/03/2026,CARD PAYMENT TO BP,BP,Transport,,21.79,"13,689.24"
05/03/2026,CARD PAYMENT TO VIRGIN MEDIA,Virgin Media,Utilities,,41.62,"13,647.62"
05/03/2026,CARD PAYMENT TO DISNEY PLUS,Disney Plus,Subscriptions,,4.11,"13,643.51"
07/03/2026,DIRECT DEBIT TO UNITED UTILITIES,United Utilities,Utilities,,85,"13,558.51"
07/03/2026,CARD PAYMENT TO ALDI,Aldi,Groceries,,11.83,"13,546.68"
08/03/2026,CARD PAYMENT TO OCTOPUS ENERGY,Octopus Energy,Utilities,,23.82,"13,522.86"
09/03/2026,CARD PAYMENT TO PUREGYM,PureGym,Fitness,,58.26,"13,464.60"
10/03/2026,CARD PAYMENT TO VIRGIN MEDIA,Virgin Media,Utilities,,42.83,"13,421.77"
10/03/2026,CARD PAYMENT TO WATERSTONES,Waterstones,Recreation,,34.25,"13,387.52"
11/03/2026,CARD PAYMENT TO JD SPORTS,JD Sports,Shopping,,63.74,"13,323.78"
11/03/2026,CARD PAYMENT TO SHELL,Shell,Transport,,58.07,"13,265.71"
12/03/2026,CARD PAYMENT TO DECATHLON,Decathlon,Fitness,,39.52,"13,226.19"
12/03/2026,CARD PAYMENT TO PUREGYM,PureGym,Fitness,,30.57,"13,195.62"
13/03/2026,CARD PAYMENT TO GREGGS,Greggs,Food & Drink,,21.82,"13,173.80"
13/03/2026,CARD PAYMENT TO VIRGIN MEDIA,Virgin Media,Utilities,,42.81,"13,130.99"
14/03/2026,CARD PAYMENT TO PUREGYM,PureGym,Fitness,,21.74,"13,109.25"
14/03/2026,CARD PAYMENT TO WATERSTONES,Waterstones,Recreation,,20.76,"13,088.49"
15/03/2026,CARD PAYMENT TO LIDL,Lidl,Groceries,,51.99,"13,036.50"
15/03/2026,CARD PAYMENT TO WATERSTONES,Waterstones,Recreation,,25.88,"13,010.62"
15/03/2026,CARD PAYMENT TO DECATHLON,Decathlon,Fitness,,45.51,"12,965.11"
16/03/2026,CARD PAYMENT TO MORRISONS,Morrisons,Groceries,,35.67,"12,929.44"
16/03/2026,CARD PAYMENT TO TRAINLINE,Trainline,Transport,,41.09,"12,888.35"
18/03/2026,CARD PAYMENT TO APPLE,Apple,Subscriptions,,5.54,"12,882.81"
18/03/2026,CARD PAYMENT TO UNITED UTILITIES,United Utilities,Utilities,,14.28,"12,868.53"
20/03/2026,CARD PAYMENT TO UNITED UTILITIES,United Utilities,Utilities,,29.29,"12,839.24"
20/03/2026,CARD PAYMENT TO ALDI,Aldi,Groceries,,13.14,"12,826.10"
21/03/2026,CARD PAYMENT TO AMAZON,Amazon,Shopping,,123.06,"12,703.04"
22/03/2026,CARD PAYMENT TO CURRYS,Currys,Shopping,,177.56,"12,525.48"
23/03/2026,CARD PAYMENT TO TRAINLINE,Trainline,Transport,,49.67,"12,475.81"
23/03/2026,CARD PAYMENT TO IKEA,Ikea,Shopping,,83.21,"12,392.60"
24/03/2026,CARD PAYMENT TO TESCO,Tesco,Groceries,,56.19,"12,336.41"
26/03/2026,CARD PAYMENT TO SPOTIFY,Spotify,Subscriptions,,4.51,"12,331.90"
26/03/2026,CARD PAYMENT TO STEAM,Steam,Recreation,,21.5,"12,310.40"
26/03/2026,CARD PAYMENT TO SHELL,Shell,Transport,,22.17,"12,288.23"
28/03/2026,CARD PAYMENT TO PUREGYM,PureGym,Fitness,,69.1,"12,219.13"
28/03/2026,CARD PAYMENT TO STEAM,Steam,Recreation,,13.83,"12,205.30"
29/03/2026,CARD PAYMENT TO TESCO,Tesco,Groceries,,50.33,"12,154.97"
30/03/2026,CARD PAYMENT TO DELIVEROO,Deliveroo,Food & Drink,,18.88,"12,136.09"
31/03/2026,CARD PAYMENT TO TRAINLINE,Trainline,Transport,,48.81,"12,087.28"
31/03/2026,CARD PAYMENT TO PUREGYM,PureGym,Fitness,,38.13,"12,049.15"
31/03/2026,CARD PAYMENT TO NETFLIX,Netflix,Subscriptions,,3.59,"12,045.56"
01/04/2026,SALARY PAYMENT ACME ENGINEERING LTD,Salary,Income,2787.7,,"14,833.26"
01/04/2026,CARD PAYMENT TO DECATHLON,Decathlon,Fitness,,45.77,"14,787.49"
01/04/2026,CARD PAYMENT TO UBER,Uber,Transport,,37.17,"14,750.32"
01/04/2026,CARD PAYMENT TO DISNEY PLUS,Disney Plus,Subscriptions,,16.52,"14,733.80"
02/04/2026,DIRECT DEBIT TO LANDLORD RENT PAYMENT,Rent,Housing,,850,"13,883.80"
02/04/2026,CARD PAYMENT TO PUREGYM,PureGym,Fitness,,79.59,"13,804.21"
03/04/2026,DIRECT DEBIT TO UNITED UTILITIES,United Utilities,Utilities,,52.56,"13,751.65"
03/04/2026,CARD PAYMENT TO PRET,Pret,Food & Drink,,9.05,"13,742.60"
05/04/2026,DIRECT DEBIT TO VIRGIN MEDIA,Virgin Media,Utilities,,78.98,"13,663.62"
05/04/2026,CARD PAYMENT TO JD SPORTS,JD Sports,Shopping,,107.92,"13,555.70"
05/04/2026,CARD PAYMENT TO CINEWORLD,Cineworld,Recreation,,17.19,"13,538.51"
05/04/2026,CARD PAYMENT TO COSTA COFFEE,Costa Coffee,Food & Drink,,18.14,"13,520.37"
06/04/2026,CARD PAYMENT TO NETFLIX,Netflix,Subscriptions,,3.34,"13,517.03"
07/04/2026,DIRECT DEBIT TO VIRGIN MEDIA,Virgin Media,Utilities,,68.15,"13,448.88"
07/04/2026,CARD PAYMENT TO SHELL,Shell,Transport,,47.91,"13,400.97"
08/04/2026,CARD PAYMENT TO DECATHLON,Decathlon,Fitness,,64.43,"13,336.54"
08/04/2026,CARD PAYMENT TO OCTOPUS ENERGY,Octopus Energy,Utilities,,19.46,"13,317.08"
09/04/2026,CARD PAYMENT TO MORRISONS,Morrisons,Groceries,,47.35,"13,269.73"
09/04/2026,CARD PAYMENT TO APPLE,Apple,Subscriptions,,7.01,"13,262.72"
10/04/2026,CARD PAYMENT TO JD SPORTS,JD Sports,Shopping,,131.96,"13,130.76"
13/04/2026,CARD PAYMENT TO PRET,Pret,Food & Drink,,6.44,"13,124.32"
13/04/2026,CARD PAYMENT TO SAINSBURYS,Sainsburys,Groceries,,37.64,"13,086.68"
13/04/2026,CARD PAYMENT TO STARBUCKS,Starbucks,Food & Drink,,8.33,"13,078.35"
16/04/2026,CARD PAYMENT TO NETFLIX,Netflix,Subscriptions,,12.02,"13,066.33"
16/04/2026,CARD PAYMENT TO NETFLIX,Netflix,Subscriptions,,13.98,"13,052.35"
17/04/2026,CARD PAYMENT TO PUREGYM,PureGym,Fitness,,37.81,"13,014.54"
17/04/2026,CARD PAYMENT TO DECATHLON,Decathlon,Fitness,,63.2,"12,951.34"
17/04/2026,CARD PAYMENT TO WATERSTONES,Waterstones,Recreation,,26.12,"12,925.22"
18/04/2026,CARD PAYMENT TO OCTOPUS ENERGY,Octopus Energy,Utilities,,18.06,"12,907.16"
21/04/2026,CARD PAYMENT TO APPLE,Apple,Subscriptions,,5.37,"12,901.79"
21/04/2026,CARD PAYMENT TO CURRYS,Currys,Shopping,,42.1,"12,859.69"
22/04/2026,CARD PAYMENT TO MORRISONS,Morrisons,Groceries,,31.73,"12,827.96"
22/04/2026,CARD PAYMENT TO VIRGIN MEDIA,Virgin Media,Utilities,,8.02,"12,819.94"
22/04/2026,CARD PAYMENT TO MORRISONS,Morrisons,Groceries,,47.98,"12,771.96"
23/04/2026,CARD PAYMENT TO UBER EATS,Uber Eats,Food & Drink,,15.38,"12,756.58"
26/04/2026,CARD PAYMENT TO OCTOPUS ENERGY,Octopus Energy,Utilities,,20.77,"12,735.81"
27/04/2026,CARD PAYMENT TO AMAZON,Amazon,Shopping,,168.1,"12,567.71"
28/04/2026,CARD PAYMENT TO CINEWORLD,Cineworld,Recreation,,39.22,"12,528.49"
28/04/2026,CARD PAYMENT TO CINEWORLD,Cineworld,Recreation,,41.23,"12,487.26"
29/04/2026,CARD PAYMENT TO WATERSTONES,Waterstones,Recreation,,37.05,"12,450.21"
29/04/2026,CARD PAYMENT TO SHELL,Shell,Transport,,38.82,"12,411.39"
29/04/2026,CARD PAYMENT TO DELIVEROO,Deliveroo,Food & Drink,,8.84,"12,402.55"
30/04/2026,CARD PAYMENT TO WATERSTONES,Waterstones,Recreation,,15.12,"12,387.43"
01/05/2026,SALARY PAYMENT ACME ENGINEERING LTD,Salary,Income,2718.75,,"15,106.18"
01/05/2026,CARD PAYMENT TO IKEA,Ikea,Shopping,,174.5,"14,931.68"
01/05/2026,CARD PAYMENT TO NETFLIX,Netflix,Subscriptions,,4.69,"14,926.99"
02/05/2026,DIRECT DEBIT TO LANDLORD RENT PAYMENT,Rent,Housing,,850,"14,076.99"
02/05/2026,CARD PAYMENT TO SHELL,Shell,Transport,,56.34,"14,020.65"
03/05/2026,DIRECT DEBIT TO UNITED UTILITIES,United Utilities,Utilities,,35.25,"13,985.40"
03/05/2026,CARD PAYMENT TO SPOTIFY,Spotify,Subscriptions,,7.17,"13,978.23"
05/05/2026,DIRECT DEBIT TO OCTOPUS ENERGY,Octopus Energy,Utilities,,60.82,"13,917.41"
05/05/2026,CARD PAYMENT TO DECATHLON,Decathlon,Fitness,,39.63,"13,877.78"
05/05/2026,CARD PAYMENT TO STARBUCKS,Starbucks,Food & Drink,,18.12,"13,859.66"
06/05/2026,CARD PAYMENT TO DECATHLON,Decathlon,Fitness,,41.3,"13,818.36"
06/05/2026,CARD PAYMENT TO AMAZON,Amazon,Shopping,,160.74,"13,657.62"
07/05/2026,DIRECT DEBIT TO OCTOPUS ENERGY,Octopus Energy,Utilities,,91.88,"13,565.74"
07/05/2026,CARD PAYMENT TO VIRGIN MEDIA,Virgin Media,Utilities,,30.22,"13,535.52"
07/05/2026,CARD PAYMENT TO DISNEY PLUS,Disney Plus,Subscriptions,,12.97,"13,522.55"
08/05/2026,CARD PAYMENT TO CURRYS,Currys,Shopping,,19.17,"13,503.38"
08/05/2026,CARD PAYMENT TO JD SPORTS,JD Sports,Shopping,,142.17,"13,361.21"
08/05/2026,CARD PAYMENT TO JD SPORTS,JD Sports,Shopping,,50.27,"13,310.94"
09/05/2026,CARD PAYMENT TO DECATHLON,Decathlon,Fitness,,30.74,"13,280.20"
11/05/2026,CARD PAYMENT TO DISNEY PLUS,Disney Plus,Subscriptions,,10.42,"13,269.78"
13/05/2026,CARD PAYMENT TO AMAZON,Amazon,Shopping,,165.32,"13,104.46"
13/05/2026,CARD PAYMENT TO WATERSTONES,Waterstones,Recreation,,56.08,"13,048.38"
14/05/2026,CARD PAYMENT TO ASDA,Asda,Groceries,,23.67,"13,024.71"
14/05/2026,CARD PAYMENT TO APPLE,Apple,Subscriptions,,2.7,"13,022.01"
15/05/2026,CARD PAYMENT TO WATERSTONES,Waterstones,Recreation,,12.86,"13,009.15"
17/05/2026,CARD PAYMENT TO APPLE,Apple,Subscriptions,,4.78,"13,004.37"
20/05/2026,CARD PAYMENT TO LIDL,Lidl,Groceries,,58.97,"12,945.40"
20/05/2026,CARD PAYMENT TO UNITED UTILITIES,United Utilities,Utilities,,38.13,"12,907.27"
21/05/2026,CARD PAYMENT TO PRET,Pret,Food & Drink,,25.52,"12,881.75"
24/05/2026,CARD PAYMENT TO MORRISONS,Morrisons,Groceries,,13.56,"12,868.19"
24/05/2026,CARD PAYMENT TO STEAM,Steam,Recreation,,42.76,"12,825.43"
26/05/2026,CARD PAYMENT TO CURRYS,Currys,Shopping,,164.44,"12,660.99"
27/05/2026,CARD PAYMENT TO ASDA,Asda,Groceries,,30.98,"12,630.01"
31/05/2026,CARD PAYMENT TO STEAM,Steam,Recreation,,18.63,"12,611.38"
01/06/2026,SALARY PAYMENT ACME ENGINEERING LTD,Salary,Income,2417.8,,"15,029.18"
02/06/2026,DIRECT DEBIT TO LANDLORD RENT PAYMENT,Rent,Housing,,850,"14,179.18"
02/06/2026,CARD PAYMENT TO UNITED UTILITIES,United Utilities,Utilities,,38.61,"14,140.57"
02/06/2026,CARD PAYMENT TO MORRISONS,Morrisons,Groceries,,23.6,"14,116.97"
02/06/2026,CARD PAYMENT TO AMAZON,Amazon,Shopping,,71.34,"14,045.63"
03/06/2026,DIRECT DEBIT TO UNITED UTILITIES,United Utilities,Utilities,,83.53,"13,962.10"
04/06/2026,CARD PAYMENT TO COSTA COFFEE,Costa Coffee,Food & Drink,,27.79,"13,934.31"
04/06/2026,CARD PAYMENT TO UNITED UTILITIES,United Utilities,Utilities,,8.89,"13,925.42"
04/06/2026,CARD PAYMENT TO AMAZON,Amazon,Shopping,,141.51,"13,783.91"
05/06/2026,DIRECT DEBIT TO OCTOPUS ENERGY,Octopus Energy,Utilities,,40.23,"13,743.68"
05/06/2026,CARD PAYMENT TO SPOTIFY,Spotify,Subscriptions,,16.04,"13,727.64"
05/06/2026,CARD PAYMENT TO TRAINLINE,Trainline,Transport,,51.54,"13,676.10"
06/06/2026,CARD PAYMENT TO VIRGIN MEDIA,Virgin Media,Utilities,,7.4,"13,668.70"
07/06/2026,DIRECT DEBIT TO UNITED UTILITIES,United Utilities,Utilities,,45.1,"13,623.60"
07/06/2026,CARD PAYMENT TO UNITED UTILITIES,United Utilities,Utilities,,19.2,"13,604.40"
07/06/2026,CARD PAYMENT TO BP,BP,Transport,,22.19,"13,582.21"
08/06/2026,CARD PAYMENT TO VIRGIN MEDIA,Virgin Media,Utilities,,16.67,"13,565.54"
09/06/2026,CARD PAYMENT TO STEAM,Steam,Recreation,,34.49,"13,531.05"
09/06/2026,CARD PAYMENT TO IKEA,Ikea,Shopping,,142.44,"13,388.61"
10/06/2026,CARD PAYMENT TO OCTOPUS ENERGY,Octopus Energy,Utilities,,47.73,"13,340.88"
10/06/2026,CARD PAYMENT TO PUREGYM,PureGym,Fitness,,52.28,"13,288.60"
11/06/2026,CARD PAYMENT TO DECATHLON,Decathlon,Fitness,,58.76,"13,229.84"
12/06/2026,CARD PAYMENT TO TRAINLINE,Trainline,Transport,,44.38,"13,185.46"
13/06/2026,CARD PAYMENT TO UBER EATS,Uber Eats,Food & Drink,,23.88,"13,161.58"
13/06/2026,CARD PAYMENT TO STEAM,Steam,Recreation,,33.38,"13,128.20"
16/06/2026,CARD PAYMENT TO NETFLIX,Netflix,Subscriptions,,9.48,"13,118.72"
17/06/2026,CARD PAYMENT TO JD SPORTS,JD Sports,Shopping,,123.62,"12,995.10"
17/06/2026,CARD PAYMENT TO MORRISONS,Morrisons,Groceries,,47.97,"12,947.13"
18/06/2026,CARD PAYMENT TO SAINSBURYS,Sainsburys,Groceries,,32.02,"12,915.11"
18/06/2026,CARD PAYMENT TO IKEA,Ikea,Shopping,,121.9,"12,793.21"
20/06/2026,CARD PAYMENT TO IKEA,Ikea,Shopping,,41.85,"12,751.36"
21/06/2026,CARD PAYMENT TO ALDI,Aldi,Groceries,,54.13,"12,697.23"
22/06/2026,CARD PAYMENT TO DECATHLON,Decathlon,Fitness,,48.41,"12,648.82"
23/06/2026,CARD PAYMENT TO WATERSTONES,Waterstones,Recreation,,28.66,"12,620.16"
24/06/2026,CARD PAYMENT TO APPLE,Apple,Subscriptions,,6.8,"12,613.36"
24/06/2026,CARD PAYMENT TO SHELL,Shell,Transport,,29.89,"12,583.47"
25/06/2026,CARD PAYMENT TO PUREGYM,PureGym,Fitness,,29.84,"12,553.63"
26/06/2026,CARD PAYMENT TO WATERSTONES,Waterstones,Recreation,,58.26,"12,495.37"
28/06/2026,CARD PAYMENT TO UNITED UTILITIES,United Utilities,Utilities,,19.99,"12,475.38"
01/07/2026,SALARY PAYMENT ACME ENGINEERING LTD,Salary,Income,2523.71,,"14,999.09"
01/07/2026,CARD PAYMENT TO JD SPORTS,JD Sports,Shopping,,80.34,"14,918.75"
02/07/2026,DIRECT DEBIT TO LANDLORD RENT PAYMENT,Rent,Housing,,850,"14,068.75"
02/07/2026,CARD PAYMENT TO ASDA,Asda,Groceries,,16.41,"14,052.34"
02/07/2026,CARD PAYMENT TO VIRGIN MEDIA,Virgin Media,Utilities,,18.84,"14,033.50"
02/07/2026,CARD PAYMENT TO OCTOPUS ENERGY,Octopus Energy,Utilities,,43.6,"13,989.90"
03/07/2026,DIRECT DEBIT TO VIRGIN MEDIA,Virgin Media,Utilities,,31.31,"13,958.59"
03/07/2026,CARD PAYMENT TO UNITED UTILITIES,United Utilities,Utilities,,29.99,"13,928.60"
04/07/2026,CARD PAYMENT TO ALDI,Aldi,Groceries,,17.08,"13,911.52"
04/07/2026,CARD PAYMENT TO PRET,Pret,Food & Drink,,17.85,"13,893.67"
05/07/2026,DIRECT DEBIT TO VIRGIN MEDIA,Virgin Media,Utilities,,73.91,"13,819.76"
05/07/2026,CARD PAYMENT TO DECATHLON,Decathlon,Fitness,,62.37,"13,757.39"
05/07/2026,CARD PAYMENT TO PRET,Pret,Food & Drink,,6.47,"13,750.92"
05/07/2026,CARD PAYMENT TO VIRGIN MEDIA,Virgin Media,Utilities,,39.8,"13,711.12"
06/07/2026,CARD PAYMENT TO DECATHLON,Decathlon,Fitness,,52.05,"13,659.07"
06/07/2026,CARD PAYMENT TO JD SPORTS,JD Sports,Shopping,,125.53,"13,533.54"
07/07/2026,DIRECT DEBIT TO UNITED UTILITIES,United Utilities,Utilities,,26.88,"13,506.66"
07/07/2026,CARD PAYMENT TO TRAINLINE,Trainline,Transport,,26.84,"13,479.82"
09/07/2026,CARD PAYMENT TO DELIVEROO,Deliveroo,Food & Drink,,9.21,"13,470.61"
09/07/2026,CARD PAYMENT TO NETFLIX,Netflix,Subscriptions,,2.71,"13,467.90"
09/07/2026,CARD PAYMENT TO CINEWORLD,Cineworld,Recreation,,14.64,"13,453.26"
10/07/2026,CARD PAYMENT TO VIRGIN MEDIA,Virgin Media,Utilities,,11.78,"13,441.48"
10/07/2026,CARD PAYMENT TO CINEWORLD,Cineworld,Recreation,,43.76,"13,397.72"
10/07/2026,CARD PAYMENT TO SPOTIFY,Spotify,Subscriptions,,6.18,"13,391.54"
11/07/2026,CARD PAYMENT TO OCTOPUS ENERGY,Octopus Energy,Utilities,,22.92,"13,368.62"
11/07/2026,CARD PAYMENT TO PRET,Pret,Food & Drink,,24.77,"13,343.85"
12/07/2026,CARD PAYMENT TO DELIVEROO,Deliveroo,Food & Drink,,26.29,"13,317.56"
12/07/2026,CARD PAYMENT TO SAINSBURYS,Sainsburys,Groceries,,26.18,"13,291.38"
13/07/2026,CARD PAYMENT TO SPOTIFY,Spotify,Subscriptions,,9.78,"13,281.60"
13/07/2026,CARD PAYMENT TO DECATHLON,Decathlon,Fitness,,66.28,"13,215.32"
13/07/2026,CARD PAYMENT TO CINEWORLD,Cineworld,Recreation,,22.93,"13,192.39"
15/07/2026,CARD PAYMENT TO JD SPORTS,JD Sports,Shopping,,132.48,"13,059.91"
16/07/2026,CARD PAYMENT TO NANDOS,Nandos,Food & Drink,,7.83,"13,052.08"
16/07/2026,CARD PAYMENT TO DECATHLON,Decathlon,Fitness,,72.22,"12,979.86"
18/07/2026,CARD PAYMENT TO MORRISONS,Morrisons,Groceries,,62.05,"12,917.81"
19/07/2026,CARD PAYMENT TO UBER,Uber,Transport,,30.61,"12,887.20"
19/07/2026,CARD PAYMENT TO DISNEY PLUS,Disney Plus,Subscriptions,,2.64,"12,884.56"
20/07/2026,CARD PAYMENT TO DISNEY PLUS,Disney Plus,Subscriptions,,2.8,"12,881.76"
20/07/2026,CARD PAYMENT TO IKEA,Ikea,Shopping,,85.24,"12,796.52"
21/07/2026,CARD PAYMENT TO LIDL,Lidl,Groceries,,23.23,"12,773.29"
21/07/2026,CARD PAYMENT TO CINEWORLD,Cineworld,Recreation,,30.85,"12,742.44"
22/07/2026,CARD PAYMENT TO IKEA,Ikea,Shopping,,119.94,"12,622.50"
22/07/2026,CARD PAYMENT TO GREGGS,Greggs,Food & Drink,,22.76,"12,599.74"
23/07/2026,CARD PAYMENT TO BP,BP,Transport,,12.37,"12,587.37"
23/07/2026,CARD PAYMENT TO STARBUCKS,Starbucks,Food & Drink,,22.62,"12,564.75"
23/07/2026,CARD PAYMENT TO APPLE,Apple,Subscriptions,,16.28,"12,548.47"
24/07/2026,CARD PAYMENT TO NETFLIX,Netflix,Subscriptions,,16.7,"12,531.77"
25/07/2026,CARD PAYMENT TO TESCO,Tesco,Groceries,,26.62,"12,505.15"
25/07/2026,CARD PAYMENT TO SAINSBURYS,Sainsburys,Groceries,,42.73,"12,462.42"
25/07/2026,CARD PAYMENT TO PRET,Pret,Food & Drink,,16.84,"12,445.58"
27/07/2026,CARD PAYMENT TO CINEWORLD,Cineworld,Recreation,,30.04,"12,415.54"
27/07/2026,CARD PAYMENT TO UNITED UTILITIES,United Utilities,Utilities,,16.56,"12,398.98"
29/07/2026,CARD PAYMENT TO NANDOS,Nandos,Food & Drink,,8.17,"12,390.81"
29/07/2026,CARD PAYMENT TO CINEWORLD,Cineworld,Recreation,,40.78,"12,350.03"
30/07/2026,CARD PAYMENT TO MORRISONS,Morrisons,Groceries,,40.68,"12,309.35"
31/07/2026,CARD PAYMENT TO DECATHLON,Decathlon,Fitness,,64.81,"12,244.54"
01/08/2026,SALARY PAYMENT ACME ENGINEERING LTD,Salary,Income,2711.32,,"14,955.86"
01/08/2026,CARD PAYMENT TO LIDL,Lidl,Groceries,,30.72,"14,925.14"
02/08/2026,DIRECT DEBIT TO LANDLORD RENT PAYMENT,Rent,Housing,,850,"14,075.14"
02/08/2026,CARD PAYMENT TO CINEWORLD,Cineworld,Recreation,,10.25,"14,064.89"
03/08/2026,DIRECT DEBIT TO OCTOPUS ENERGY,Octopus Energy,Utilities,,26.31,"14,038.58"
03/08/2026,CARD PAYMENT TO VIRGIN MEDIA,Virgin Media,Utilities,,17.02,"14,021.56"
03/08/2026,CARD PAYMENT TO AMAZON,Amazon,Shopping,,51.52,"13,970.04"
05/08/2026,DIRECT DEBIT TO UNITED UTILITIES,United Utilities,Utilities,,47.72,"13,922.32"
06/08/2026,CARD PAYMENT TO APPLE,Apple,Subscriptions,,12.16,"13,910.16"
07/08/2026,DIRECT DEBIT TO VIRGIN MEDIA,Virgin Media,Utilities,,62.9,"13,847.26"
07/08/2026,CARD PAYMENT TO MORRISONS,Morrisons,Groceries,,27.41,"13,819.85"
07/08/2026,CARD PAYMENT TO JD SPORTS,JD Sports,Shopping,,40.04,"13,779.81"
08/08/2026,CARD PAYMENT TO BP,BP,Transport,,43,"13,736.81"
08/08/2026,CARD PAYMENT TO CINEWORLD,Cineworld,Recreation,,11.61,"13,725.20"
10/08/2026,CARD PAYMENT TO AMAZON,Amazon,Shopping,,49.25,"13,675.95"
11/08/2026,CARD PAYMENT TO CINEWORLD,Cineworld,Recreation,,47.54,"13,628.41"
11/08/2026,CARD PAYMENT TO APPLE,Apple,Subscriptions,,2.47,"13,625.94"
13/08/2026,CARD PAYMENT TO DECATHLON,Decathlon,Fitness,,79.75,"13,546.19"
15/08/2026,CARD PAYMENT TO NETFLIX,Netflix,Subscriptions,,8,"13,538.19"
16/08/2026,CARD PAYMENT TO PUREGYM,PureGym,Fitness,,25.82,"13,512.37"
17/08/2026,CARD PAYMENT TO SHELL,Shell,Transport,,37.68,"13,474.69"
18/08/2026,CARD PAYMENT TO UNITED UTILITIES,United Utilities,Utilities,,49.05,"13,425.64"
19/08/2026,CARD PAYMENT TO CURRYS,Currys,Shopping,,84,"13,341.64"
19/08/2026,CARD PAYMENT TO CINEWORLD,Cineworld,Recreation,,48.52,"13,293.12"
22/08/2026,CARD PAYMENT TO UBER,Uber,Transport,,33.73,"13,259.39"
22/08/2026,CARD PAYMENT TO DISNEY PLUS,Disney Plus,Subscriptions,,15.22,"13,244.17"
22/08/2026,CARD PAYMENT TO NETFLIX,Netflix,Subscriptions,,16.78,"13,227.39"
23/08/2026,CARD PAYMENT TO DECATHLON,Decathlon,Fitness,,20.2,"13,207.19"
24/08/2026,CARD PAYMENT TO NETFLIX,Netflix,Subscriptions,,12.93,"13,194.26"
24/08/2026,CARD PAYMENT TO PRET,Pret,Food & Drink,,18.66,"13,175.60"
25/08/2026,CARD PAYMENT TO DECATHLON,Decathlon,Fitness,,31.33,"13,144.27"
25/08/2026,CARD PAYMENT TO LIDL,Lidl,Groceries,,20.78,"13,123.49"
27/08/2026,CARD PAYMENT TO MORRISONS,Morrisons,Groceries,,42.76,"13,080.73"
27/08/2026,CARD PAYMENT TO UNITED UTILITIES,United Utilities,Utilities,,33.15,"13,047.58"
27/08/2026,CARD PAYMENT TO GREGGS,Greggs,Food & Drink,,3.61,"13,043.97"
28/08/2026,CARD PAYMENT TO BP,BP,Transport,,31.8,"13,012.17"
29/08/2026,CARD PAYMENT TO VIRGIN MEDIA,Virgin Media,Utilities,,47.17,"12,965.00"
30/08/2026,CARD PAYMENT TO CURRYS,Currys,Shopping,,63.34,"12,901.66"
01/09/2026,SALARY PAYMENT ACME ENGINEERING LTD,Salary,Income,2482.8,,"15,384.46"
01/09/2026,CARD PAYMENT TO NETFLIX,Netflix,Subscriptions,,12.94,"15,371.52"
01/09/2026,CARD PAYMENT TO NETFLIX,Netflix,Subscriptions,,14.75,"15,356.77"
01/09/2026,CARD PAYMENT TO SPOTIFY,Spotify,Subscriptions,,14.86,"15,341.91"
02/09/2026,DIRECT DEBIT TO LANDLORD RENT PAYMENT,Rent,Housing,,850,"14,491.91"
02/09/2026,CARD PAYMENT TO OCTOPUS ENERGY,Octopus Energy,Utilities,,25.8,"14,466.11"
02/09/2026,CARD PAYMENT TO COSTA COFFEE,Costa Coffee,Food & Drink,,23.21,"14,442.90"
03/09/2026,DIRECT DEBIT TO UNITED UTILITIES,United Utilities,Utilities,,72.38,"14,370.52"
03/09/2026,CARD PAYMENT TO PUREGYM,PureGym,Fitness,,66.98,"14,303.54"
03/09/2026,CARD PAYMENT TO WATERSTONES,Waterstones,Recreation,,36.87,"14,266.67"
05/09/2026,DIRECT DEBIT TO VIRGIN MEDIA,Virgin Media,Utilities,,58.66,"14,208.01"
06/09/2026,CARD PAYMENT TO PUREGYM,PureGym,Fitness,,41.8,"14,166.21"
07/09/2026,DIRECT DEBIT TO UNITED UTILITIES,United Utilities,Utilities,,70.47,"14,095.74"
07/09/2026,CARD PAYMENT TO COSTA COFFEE,Costa Coffee,Food & Drink,,6.94,"14,088.80"
07/09/2026,CARD PAYMENT TO WATERSTONES,Waterstones,Recreation,,47.68,"14,041.12"
07/09/2026,CARD PAYMENT TO DELIVEROO,Deliveroo,Food & Drink,,7.56,"14,033.56"
08/09/2026,CARD PAYMENT TO CURRYS,Currys,Shopping,,165.64,"13,867.92"
08/09/2026,CARD PAYMENT TO NETFLIX,Netflix,Subscriptions,,6.23,"13,861.69"
08/09/2026,CARD PAYMENT TO AMAZON,Amazon,Shopping,,90.61,"13,771.08"
09/09/2026,CARD PAYMENT TO TRAINLINE,Trainline,Transport,,25.81,"13,745.27"
09/09/2026,CARD PAYMENT TO DISNEY PLUS,Disney Plus,Subscriptions,,14.6,"13,730.67"
09/09/2026,CARD PAYMENT TO WATERSTONES,Waterstones,Recreation,,23.76,"13,706.91"
11/09/2026,CARD PAYMENT TO UNITED UTILITIES,United Utilities,Utilities,,17.98,"13,688.93"
12/09/2026,CARD PAYMENT TO IKEA,Ikea,Shopping,,132.78,"13,556.15"
13/09/2026,CARD PAYMENT TO UNITED UTILITIES,United Utilities,Utilities,,33.53,"13,522.62"
13/09/2026,CARD PAYMENT TO APPLE,Apple,Subscriptions,,12.77,"13,509.85"
14/09/2026,CARD PAYMENT TO OCTOPUS ENERGY,Octopus Energy,Utilities,,32.34,"13,477.51"
15/09/2026,CARD PAYMENT TO WATERSTONES,Waterstones,Recreation,,21.4,"13,456.11"
15/09/2026,CARD PAYMENT TO TRAINLINE,Trainline,Transport,,15.71,"13,440.40"
15/09/2026,CARD PAYMENT TO MORRISONS,Morrisons,Groceries,,28.76,"13,411.64"
16/09/2026,CARD PAYMENT TO NETFLIX,Netflix,Subscriptions,,17.56,"13,394.08"
16/09/2026,CARD PAYMENT TO UNITED UTILITIES,United Utilities,Utilities,,43.37,"13,350.71"
16/09/2026,CARD PAYMENT TO IKEA,Ikea,Shopping,,77.37,"13,273.34"
17/09/2026,CARD PAYMENT TO UNITED UTILITIES,United Utilities,Utilities,,26.69,"13,246.65"
17/09/2026,CARD PAYMENT TO APPLE,Apple,Subscriptions,,2.23,"13,244.42"
17/09/2026,CARD PAYMENT TO GREGGS,Greggs,Food & Drink,,9.07,"13,235.35"
18/09/2026,CARD PAYMENT TO BP,BP,Transport,,22.47,"13,212.88"
20/09/2026,CARD PAYMENT TO JD SPORTS,JD Sports,Shopping,,90.79,"13,122.09"
22/09/2026,CARD PAYMENT TO TRAINLINE,Trainline,Transport,,42.54,"13,079.55"
23/09/2026,CARD PAYMENT TO GREGGS,Greggs,Food & Drink,,16.7,"13,062.85"
23/09/2026,CARD PAYMENT TO WATERSTONES,Waterstones,Recreation,,58.08,"13,004.77"
26/09/2026,CARD PAYMENT TO BP,BP,Transport,,21.32,"12,983.45"
27/09/2026,CARD PAYMENT TO BP,BP,Transport,,43.86,"12,939.59"
28/09/2026,CARD PAYMENT TO OCTOPUS ENERGY,Octopus Energy,Utilities,,49.07,"12,890.52"
28/09/2026,CARD PAYMENT TO WATERSTONES,Waterstones,Recreation,,23.87,"12,866.65"
28/09/2026,CARD PAYMENT TO SHELL,Shell,Transport,,55.12,"12,811.53"
30/09/2026,CARD PAYMENT TO SAINSBURYS,Sainsburys,Groceries,,20.97,"12,790.56"
01/10/2026,SALARY PAYMENT ACME ENGINEERING LTD,Salary,Income,2704.67,,"15,495.23"
01/10/2026,CARD PAYMENT TO SPOTIFY,Spotify,Subscriptions,,10.59,"15,484.64"
01/10/2026,CARD PAYMENT TO MORRISONS,Morrisons,Groceries,,53.03,"15,431.61"
01/10/2026,CARD PAYMENT TO STARBUCKS,Starbucks,Food & Drink,,15.91,"15,415.70"
02/10/2026,DIRECT DEBIT TO LANDLORD RENT PAYMENT,Rent,Housing,,850,"14,565.70"
02/10/2026,CARD PAYMENT TO PRET,Pret,Food & Drink,,8.33,"14,557.37"
03/10/2026,DIRECT DEBIT TO OCTOPUS ENERGY,Octopus Energy,Utilities,,66.88,"14,490.49"
03/10/2026,CARD PAYMENT TO LIDL,Lidl,Groceries,,32.5,"14,457.99"
05/10/2026,DIRECT DEBIT TO UNITED UTILITIES,United Utilities,Utilities,,87.06,"14,370.93"
06/10/2026,CARD PAYMENT TO MORRISONS,Morrisons,Groceries,,51.01,"14,319.92"
06/10/2026,CARD PAYMENT TO CINEWORLD,Cineworld,Recreation,,41.56,"14,278.36"
07/10/2026,DIRECT DEBIT TO VIRGIN MEDIA,Virgin Media,Utilities,,60.51,"14,217.85"
07/10/2026,CARD PAYMENT TO CINEWORLD,Cineworld,Recreation,,53.36,"14,164.49"
07/10/2026,CARD PAYMENT TO TRAINLINE,Trainline,Transport,,22.31,"14,142.18"
08/10/2026,CARD PAYMENT TO SPOTIFY,Spotify,Subscriptions,,17.64,"14,124.54"
08/10/2026,CARD PAYMENT TO VIRGIN MEDIA,Virgin Media,Utilities,,5.29,"14,119.25"
09/10/2026,CARD PAYMENT TO NETFLIX,Netflix,Subscriptions,,4.86,"14,114.39"
09/10/2026,CARD PAYMENT TO DECATHLON,Decathlon,Fitness,,25.67,"14,088.72"
09/10/2026,CARD PAYMENT TO DISNEY PLUS,Disney Plus,Subscriptions,,12.21,"14,076.51"
10/10/2026,CARD PAYMENT TO SHELL,Shell,Transport,,47.67,"14,028.84"
11/10/2026,CARD PAYMENT TO WATERSTONES,Waterstones,Recreation,,25.27,"14,003.57"
12/10/2026,CARD PAYMENT TO DELIVEROO,Deliveroo,Food & Drink,,11.1,"13,992.47"
12/10/2026,CARD PAYMENT TO BP,BP,Transport,,24.84,"13,967.63"
13/10/2026,CARD PAYMENT TO PUREGYM,PureGym,Fitness,,71.14,"13,896.49"
14/10/2026,CARD PAYMENT TO JD SPORTS,JD Sports,Shopping,,122.83,"13,773.66"
15/10/2026,CARD PAYMENT TO STEAM,Steam,Recreation,,56.64,"13,717.02"
15/10/2026,CARD PAYMENT TO DISNEY PLUS,Disney Plus,Subscriptions,,7.93,"13,709.09"
15/10/2026,CARD PAYMENT TO CINEWORLD,Cineworld,Recreation,,46.34,"13,662.75"
16/10/2026,CARD PAYMENT TO DISNEY PLUS,Disney Plus,Subscriptions,,8.8,"13,653.95"
16/10/2026,CARD PAYMENT TO DECATHLON,Decathlon,Fitness,,20.34,"13,633.61"
17/10/2026,CARD PAYMENT TO ALDI,Aldi,Groceries,,28.16,"13,605.45"
17/10/2026,CARD PAYMENT TO VIRGIN MEDIA,Virgin Media,Utilities,,39.52,"13,565.93"
17/10/2026,CARD PAYMENT TO ASDA,Asda,Groceries,,19.53,"13,546.40"
18/10/2026,CARD PAYMENT TO CINEWORLD,Cineworld,Recreation,,11.18,"13,535.22"
18/10/2026,CARD PAYMENT TO DECATHLON,Decathlon,Fitness,,39.54,"13,495.68"
19/10/2026,CARD PAYMENT TO UBER,Uber,Transport,,52.53,"13,443.15"
22/10/2026,CARD PAYMENT TO VIRGIN MEDIA,Virgin Media,Utilities,,37.53,"13,405.62"
23/10/2026,CARD PAYMENT TO ASDA,Asda,Groceries,,30.23,"13,375.39"
23/10/2026,CARD PAYMENT TO NETFLIX,Netflix,Subscriptions,,6.48,"13,368.91"
24/10/2026,CARD PAYMENT TO TESCO,Tesco,Groceries,,11.2,"13,357.71"
24/10/2026,CARD PAYMENT TO IKEA,Ikea,Shopping,,103.75,"13,253.96"
24/10/2026,CARD PAYMENT TO DISNEY PLUS,Disney Plus,Subscriptions,,3.78,"13,250.18"
25/10/2026,CARD PAYMENT TO GREGGS,Greggs,Food & Drink,,29.38,"13,220.80"
26/10/2026,CARD PAYMENT TO OCTOPUS ENERGY,Octopus Energy,Utilities,,31.54,"13,189.26"
26/10/2026,CARD PAYMENT TO SHELL,Shell,Transport,,30.79,"13,158.47"
29/10/2026,CARD PAYMENT TO SAINSBURYS,Sainsburys,Groceries,,52.01,"13,106.46"
29/10/2026,CARD PAYMENT TO NANDOS,Nandos,Food & Drink,,24.22,"13,082.24"
30/10/2026,CARD PAYMENT TO JD SPORTS,JD Sports,Shopping,,138.3,"12,943.94"
30/10/2026,CARD PAYMENT TO BP,BP,Transport,,24.71,"12,919.23"
31/10/2026,CARD PAYMENT TO DISNEY PLUS,Disney Plus,Subscriptions,,7.33,"12,911.90"
01/11/2026,SALARY PAYMENT ACME ENGINEERING LTD,Salary,Income,2671.07,,"15,582.97"
01/11/2026,CARD PAYMENT TO WATERSTONES,Waterstones,Recreation,,47.38,"15,535.59"
01/11/2026,CARD PAYMENT TO SAINSBURYS,Sainsburys,Groceries,,14.79,"15,520.80"
02/11/2026,DIRECT DEBIT TO LANDLORD RENT PAYMENT,Rent,Housing,,850,"14,670.80"
02/11/2026,CARD PAYMENT TO DECATHLON,Decathlon,Fitness,,68.36,"14,602.44"
02/11/2026,CARD PAYMENT TO LIDL,Lidl,Groceries,,11.44,"14,591.00"
03/11/2026,DIRECT DEBIT TO VIRGIN MEDIA,Virgin Media,Utilities,,26.13,"14,564.87"
03/11/2026,CARD PAYMENT TO LIDL,Lidl,Groceries,,57.77,"14,507.10"
03/11/2026,CARD PAYMENT TO JD SPORTS,JD Sports,Shopping,,61.64,"14,445.46"
03/11/2026,CARD PAYMENT TO AMAZON,Amazon,Shopping,,136.18,"14,309.28"
05/11/2026,DIRECT DEBIT TO UNITED UTILITIES,United Utilities,Utilities,,79.64,"14,229.64"
07/11/2026,DIRECT DEBIT TO UNITED UTILITIES,United Utilities,Utilities,,89.57,"14,140.07"
07/11/2026,CARD PAYMENT TO NANDOS,Nandos,Food & Drink,,21.47,"14,118.60"
08/11/2026,CARD PAYMENT TO APPLE,Apple,Subscriptions,,16.23,"14,102.37"
08/11/2026,CARD PAYMENT TO UNITED UTILITIES,United Utilities,Utilities,,19.87,"14,082.50"
10/11/2026,CARD PAYMENT TO APPLE,Apple,Subscriptions,,16.23,"14,066.27"
10/11/2026,CARD PAYMENT TO DECATHLON,Decathlon,Fitness,,20.38,"14,045.89"
11/11/2026,CARD PAYMENT TO TESCO,Tesco,Groceries,,20.84,"14,025.05"
11/11/2026,CARD PAYMENT TO PUREGYM,PureGym,Fitness,,35.53,"13,989.52"
11/11/2026,CARD PAYMENT TO TRAINLINE,Trainline,Transport,,35.68,"13,953.84"
13/11/2026,CARD PAYMENT TO OCTOPUS ENERGY,Octopus Energy,Utilities,,39.78,"13,914.06"
14/11/2026,CARD PAYMENT TO STEAM,Steam,Recreation,,15.04,"13,899.02"
17/11/2026,CARD PAYMENT TO GREGGS,Greggs,Food & Drink,,26.51,"13,872.51"
17/11/2026,CARD PAYMENT TO BP,BP,Transport,,18.49,"13,854.02"
18/11/2026,CARD PAYMENT TO DECATHLON,Decathlon,Fitness,,33.98,"13,820.04"
19/11/2026,CARD PAYMENT TO AMAZON,Amazon,Shopping,,37.66,"13,782.38"
20/11/2026,CARD PAYMENT TO NANDOS,Nandos,Food & Drink,,28.6,"13,753.78"
20/11/2026,CARD PAYMENT TO ALDI,Aldi,Groceries,,57.45,"13,696.33"
20/11/2026,CARD PAYMENT TO UBER,Uber,Transport,,10.56,"13,685.77"
21/11/2026,CARD PAYMENT TO PUREGYM,PureGym,Fitness,,32.34,"13,653.43"
21/11/2026,CARD PAYMENT TO PUREGYM,PureGym,Fitness,,25.57,"13,627.86"
21/11/2026,CARD PAYMENT TO UNITED UTILITIES,United Utilities,Utilities,,46.1,"13,581.76"
23/11/2026,CARD PAYMENT TO SHELL,Shell,Transport,,56.92,"13,524.84"
24/11/2026,CARD PAYMENT TO JD SPORTS,JD Sports,Shopping,,46.51,"13,478.33"
24/11/2026,CARD PAYMENT TO NANDOS,Nandos,Food & Drink,,16.69,"13,461.64"
25/11/2026,CARD PAYMENT TO WATERSTONES,Waterstones,Recreation,,15.6,"13,446.04"
25/11/2026,CARD PAYMENT TO SPOTIFY,Spotify,Subscriptions,,2.12,"13,443.92"
25/11/2026,CARD PAYMENT TO DECATHLON,Decathlon,Fitness,,77.69,"13,366.23"
27/11/2026,CARD PAYMENT TO IKEA,Ikea,Shopping,,153.03,"13,213.20"
27/11/2026,CARD PAYMENT TO DECATHLON,Decathlon,Fitness,,33.76,"13,179.44"
29/11/2026,CARD PAYMENT TO SPOTIFY,Spotify,Subscriptions,,17.22,"13,162.22"
29/11/2026,CARD PAYMENT TO WATERSTONES,Waterstones,Recreation,,42.37,"13,119.85"
29/11/2026,CARD PAYMENT TO AMAZON,Amazon,Shopping,,38.22,"13,081.63"
30/11/2026,CARD PAYMENT TO UNITED UTILITIES,United Utilities,Utilities,,5.42,"13,076.21"
01/12/2026,SALARY PAYMENT ACME ENGINEERING LTD,Salary,Income,2607.45,,"15,683.66"
01/12/2026,CARD PAYMENT TO SPOTIFY,Spotify,Subscriptions,,2.98,"15,680.68"
02/12/2026,DIRECT DEBIT TO LANDLORD RENT PAYMENT,Rent,Housing,,850,"14,830.68"
02/12/2026,CARD PAYMENT TO CINEWORLD,Cineworld,Recreation,,40.88,"14,789.80"
03/12/2026,DIRECT DEBIT TO OCTOPUS ENERGY,Octopus Energy,Utilities,,54.35,"14,735.45"
04/12/2026,CARD PAYMENT TO VIRGIN MEDIA,Virgin Media,Utilities,,44.56,"14,690.89"
05/12/2026,DIRECT DEBIT TO OCTOPUS ENERGY,Octopus Energy,Utilities,,80.06,"14,610.83"
06/12/2026,CARD PAYMENT TO TRAINLINE,Trainline,Transport,,28.99,"14,581.84"
06/12/2026,CARD PAYMENT TO IKEA,Ikea,Shopping,,117.62,"14,464.22"
06/12/2026,CARD PAYMENT TO TESCO,Tesco,Groceries,,26.9,"14,437.32"
07/12/2026,DIRECT DEBIT TO VIRGIN MEDIA,Virgin Media,Utilities,,27.4,"14,409.92"
07/12/2026,CARD PAYMENT TO PUREGYM,PureGym,Fitness,,52.37,"14,357.55"
08/12/2026,CARD PAYMENT TO OCTOPUS ENERGY,Octopus Energy,Utilities,,5.67,"14,351.88"
09/12/2026,CARD PAYMENT TO PRET,Pret,Food & Drink,,29.68,"14,322.20"
11/12/2026,CARD PAYMENT TO APPLE,Apple,Subscriptions,,15.7,"14,306.50"
11/12/2026,CARD PAYMENT TO NETFLIX,Netflix,Subscriptions,,15.71,"14,290.79"
13/12/2026,CARD PAYMENT TO APPLE,Apple,Subscriptions,,16.39,"14,274.40"
13/12/2026,CARD PAYMENT TO STEAM,Steam,Recreation,,26.14,"14,248.26"
14/12/2026,CARD PAYMENT TO PRET,Pret,Food & Drink,,16.31,"14,231.95"
15/12/2026,CARD PAYMENT TO OCTOPUS ENERGY,Octopus Energy,Utilities,,28.16,"14,203.79"
16/12/2026,CARD PAYMENT TO SHELL,Shell,Transport,,46.65,"14,157.14"
17/12/2026,CARD PAYMENT TO WATERSTONES,Waterstones,Recreation,,15.26,"14,141.88"
17/12/2026,CARD PAYMENT TO TRAINLINE,Trainline,Transport,,17.6,"14,124.28"
17/12/2026,CARD PAYMENT TO CINEWORLD,Cineworld,Recreation,,45.52,"14,078.76"
19/12/2026,CARD PAYMENT TO VIRGIN MEDIA,Virgin Media,Utilities,,23.99,"14,054.77"
19/12/2026,CARD PAYMENT TO UNITED UTILITIES,United Utilities,Utilities,,38.14,"14,016.63"
21/12/2026,CARD PAYMENT TO SAINSBURYS,Sainsburys,Groceries,,63.83,"13,952.80"
21/12/2026,CARD PAYMENT TO SAINSBURYS,Sainsburys,Groceries,,44.17,"13,908.63"
21/12/2026,CARD PAYMENT TO BP,BP,Transport,,28.63,"13,880.00"
23/12/2026,CARD PAYMENT TO DISNEY PLUS,Disney Plus,Subscriptions,,5,"13,875.00"
23/12/2026,CARD PAYMENT TO DECATHLON,Decathlon,Fitness,,79.56,"13,795.44"
24/12/2026,CARD PAYMENT TO WATERSTONES,Waterstones,Recreation,,31.99,"13,763.45"
24/12/2026,CARD PAYMENT TO WATERSTONES,Waterstones,Recreation,,48.43,"13,715.02"
25/12/2026,CARD PAYMENT TO CURRYS,Currys,Shopping,,57.12,"13,657.90"
25/12/2026,CARD PAYMENT TO APPLE,Apple,Subscriptions,,12.61,"13,645.29"
26/12/2026,CARD PAYMENT TO STEAM,Steam,Recreation,,49.1,"13,596.19"
27/12/2026,CARD PAYMENT TO LIDL,Lidl,Groceries,,15.2,"13,580.99"
27/12/2026,CARD PAYMENT TO UBER,Uber,Transport,,51.16,"13,529.83"
27/12/2026,CARD PAYMENT TO UBER EATS,Uber Eats,Food & Drink,,22.24,"13,507.59"
28/12/2026,CARD PAYMENT TO IKEA,Ikea,Shopping,,89.67,"13,417.92"
30/12/2026,CARD PAYMENT TO PUREGYM,PureGym,Fitness,,28.5,"13,389.42"
31/12/2026,CARD PAYMENT TO SAINSBURYS,Sainsburys,Groceries,,49.8,"13,339.62"
